1924 2955
131 177 133 179 ,
572 142 633 177 ¹4·
652 129 753 175 Maii
771 143 882 178 ¹774·
1364 145 1414 178 97

157 177 540 221 ENOGALLIEN.
568 179 945 222 SUBSlDlORUM
965 180 1271 221 DOTALIUM
1291 210 1302 220 .
1320 180 1417 222 Pen-
1449 189 1536 236 Seffi
1570 203 1630 238 24,
1647 200 1719 241 cap,
1743 205 1771 231 χ,

168 233 293 272 siones
313 232 534 273 Domorum
552 260 564 278 ‚
595 245 692 284 quas
722 234 913 273 Sacerdos
931 233 1094 282 jacobus
1137 233 1272 272 Cirilli
1304 235 1414 283 Magi
1448 243 1492 278 de
1505 240 1662 289 Resbrm

131 284 351 331 postidebat
370 286 408 324 in
422 287 590 326 claustro
609 286 870 324 Haebreorum
883 284 1077 325 Civitatis
1091 285 1274 334 Senogall
1285 286 1417 331 iae‚de‹

130 336 402 382 servirejuffit
419 351 489 387 pro
507 338 634 376 tribus
662 337 847 376 Substdiis
884 336 1098 377 Dotalibus
1130 338 1332 376 scutorum
1353 351 1414 384 29.

128 400 201 437 pro
235 389 420 439 quolibet
458 398 630 428 monetae
664 388 937 428 Urbinatensis
964 389 1122 438 singulis
1148 389 1261 427 annis
1276 389 1417 429 confe-

134 438 266 478 rendis
284 442 460 479 totidem
480 441 717 489 pauperibus
734 440 910 485 ejusdem
939 440 1134 480 Civitatis
1153 465 1166 484 ‚
1196 441 1262 479 seu
1280 440 1417 480 Terri-

132 491 230 529 torii
249 490 398 532 Puellis
416 519 428 537 ‚
456 506 539 542 quae
554 491 819 531 Matrimonio
838 493 1019 539 copulari
1038 491 1253 531 voluisseut
1268 519 1280 530 .
1314 492 1420 531 Prae-

132 543 332 581 lationem
349 546 397 583 ad
415 544 642 590 hujusmodi
668 543 821 582 dotalia
848 543 1006 583 subsidia
1024 544 1168 583 tribuit
1187 543 1338 582 Puellis
1352 545 1419 583 de-

133 594 413 635 scendentibus
432 609 476 635 ex
503 595 705 634 nonnullis
725 597 770 633 ab
792 595 872 643 ipso
886 595 1098 644 designatis
1135 595 1318 633 Familiis
1350 596 1419 634 fibi

138 647 334 694 sanguine
361 649 585 694 conjunffis
602 672 614 691 ‚
631 659 801 697 quarum
822 644 960 686 favore
978 647 1118 686 dotem
1137 647 1248 685 auxit
1265 647 1315 685 ad
1335 649 1422 686 scu-

82 726 86 730 ·
129 706 173 737 ta
194 704 253 741 58.
274 722 288 741 ‚
317 700 429 745 &jus
447 698 680 738 nominandi
700 698 865 747 reliquit
886 698 1057 737 Famuiae
1090 698 1267 745 Baptistae
1298 697 1417 737 Petu.

132 750 224 789 latae
245 775 256 796 ‚
273 751 340 789 cui
357 751 608 790 haereditatis
628 751 700 788 suae
720 748 1007 788 usumfrustum
1026 749 1182 798 legavit
1198 772 1210 791 ‚
1229 749 1267 787 Sc
1289 750 1426 787 Anto-

129 801 198 840 nio
216 802 428 842 Lombardi
447 829 459 847 ‚
486 814 605 853 quem
635 801 834 839 haeredcrn
868 801 1186 849 proprietarium
1219 799 1421 842 instituit,

127 853 266 903 eisque
284 855 461 903 permisit
480 880 493 899 ‚
524 862 566 893 ut
583 853 791 891 nominare
810 851 960 900 possent
991 862 1152 902 noveper
1167 856 1225 889 ενὲ
1251 856 1337 890 anni
1355 866 1421 889 an-

132 908 402 953 ticipatamente
427 921 448 944 a
463 907 533 944 loro
552 907 699 943 arbitrio
717 929 730 948 ‚
761 905 807 941 ec}
818 907 858 941 in
872 904 1104 954 qualsivoglia
1119 907 1179 942 etti
1195 933 1205 943 .

78 957 277 1004 Accidit,
310 967 352 997 ut
373 957 573 998 Antonius
592 955 806 996 Lombardi
839 956 1011 997 cuilibet
1040 958 1180 996 dotale
1210 954 1420 993 subsidium

136 1010 296 1057 petenti
314 1010 634 1049 nominationem
646 1005 885 1046 concesserit
900 1033 912 1052 ‚
927 1009 965 1048 Sc
981 1018 1072 1049 toto
1092 1017 1278 1055 tempore
1295 1031 1307 1049 ‚
1341 1018 1421 1055 quo

128 1061 411 1102 haereditatem
441 1059 612 1111 possedit
635 1085 648 1105 ,
687 1058 839 1097 Puellae
871 1070 1036 1100 numero
1067 1074 1151 1099 120.
1195 1059 1417 1097 nominatae

130 1114 435 1160 comperiantur
449 1140 461 1151 .
491 1111 848 1160 Quemadmodum
862 1113 961 1150 vero
981 1113 1086 1152 idem
1102 1109 1307 1150 Antonius
1327 1122 1421 1157 pro-

129 1162 248 1212 digus
276 1165 470 1203 bonorum
500 1163 795 1202 administrator
828 1161 936 1201 suam
967 1163 1179 1203 Familiam
1208 1163 1244 1200 in
1276 1172 1420 1210 graves

130 1216 325 1263 angustias
340 1215 498 1265 redegit
513 1241 525 1260 ,
553 1215 590 1254 Sc
606 1221 779 1264 quatuor
796 1212 918 1254 Filias
933 1215 1030 1255 dote
1056 1215 1223 1255 omnino
1251 1213 1419 1251 destitu-

129 1273 193 1304 tas
220 1265 398 1306 deseruit
424 1291 436 1311 ‚
466 1267 627 1306 idcirco
657 1264 884 1303 Michelina
909 1265 1091 1306 Zucconi
1135 1270 1221 1313 ejus
1255 1264 1418 1303 Vidua-1

133 1316 257 1354 SSrho
274 1318 513 1366 supplicavit
529 1342 542 1362 ,
559 1325 604 1356 ut
624 1316 843 1366 unicuique
858 1328 904 1355 ex
920 1317 1079 1357 filiabus
1109 1318 1316 1366 applicare
1346 1328 1420 1364 pro

132 1368 246 1406 virili
264 1368 497 1418 dignaretur
513 1368 561 1406 ad
587 1367 830 1406 decennium
860 1367 1014 1407 dotalia
1035 1370 1196 1408 subsidia
1227 1381 1273 1407 ex
1290 1367 1420 1416 dispo-

128 1419 275 1458 fitione
293 1420 520 1460 Sacerdotis
535 1418 670 1470 Jacobi
685 1416 928 1458 confer-enda
945 1448 956 1458 .
982 1419 1125 1460 Preces
1154 1417 1317 1458 remissae
1334 1416 1420 1457 fuc-

133 1479 229 1508 runt
263 1470 349 1510 Sac.
371 1472 465 1510 huic-
496 1470 845 1518 congregationi,
875 1481 896 1508 a
930 1483 1008 1521 qua
1035 1472 1131 1511 dum
1163 1471 1419 1509 Michelina..

138 1522 266 1569 petiit
294 1535 364 1570 pro
393 1523 550 1561 filiabus
564 1521 820 1560 subsidiorum
847 1520 1051 1562 dotalium
1084 1522 1420 1570 affignationem‚

139 1573 192 1612 de
204 1575 398 1614 nullitate
414 1574 618 1622 redarguit
636 1572 934 1612 nominationes
965 1575 1011 1613 ab
1030 1574 1213 1613 Antonio
1230 1572 1332 1613 Viro
1358 1584 1423 1611 ex-

135 1624 270 1671 pletas
290 1651 301 1669 ,
333 1635 474 1675 utpote
503 1625 596 1673 quia
622 1624 786 1662 modum
803 1649 815 1669 ‚
834 1626 884 1671 ,δέ
899 1637 1114 1665 numerum
1144 1637 1165 1664 a
1182 1624 1420 1664 Testatorc.)

131 1676 374 1723 praefinitum
391 1677 619 1721 excefferit,
1203 1724 1206 1727 y

79 1724 176 1768 Hac
196 1729 332 1778 itaque
348 1730 398 1768 de
411 1729 525 1768 causa
543 1729 628 1766 Sac.
646 1727 922 1777 Congregatio
946 1729 1007 1768 die
1022 1734 1058 1769 8.
1074 1731 1176 1767 Maii
1188 1727 1395 1776 anni‘elapsi
1409 1752 1421 1771 .

136 1778 264 1819 dil-ata
282 1782 467 1829 propo-siti
486 1790 580 1819 tunc
596 1779 706 1818 dubii
723 1781 970 1823 resolutione
989 1807 1001 1826 ‚
1018 1780 1167 1831 inquiri
1182 1781 1424 1828 diligentius

131 1831 239 1877 juffit
257 1834 303 1870 ab
321 1832 530 1880 Episcopo,
544 1841 694 1881 quanto
720 1840 905 1879 ternpore
918 1857 931 1876 ‚
963 1832 1183 1883 quibusque
1200 1831 1316 1870 annis
1340 1831 1424 1867 An·-

135 1883 269 1921 tonins
286 1882 497 1922 Lombardi
515 1883 802 1922 haereditatem
830 1883 1066 1923 Sacerdotis
1095 1884 1207 1932 Magi
1240 1881 1421 1927 possede-

136 1932 190 1971 rit
207 1947 221 1972 ,-
237 1943 334 1984 quot
349 1947 515 1973 nurnero
532 1933 856 1978 nominationes,
890 1937 928 1974 ὃς
950 1936 1098 1985 quibus
1126 1941 1277 1984 pariter
1307 1931 1421 1972 annis

133 1985 368 2025 Puellarum
385 1984 522 2024 favore
540 1986 794 2024 contulerit:
825 1986 874 2024 Et
892 1987 984 2037 quia
1001 1987 1149 2026 delata:
1178 1986 1306 2025 etiam
1330 1982 1421 2022 fuc-

137 2044 229 2074 rant
247 2038 418 2086 querelae
435 2037 486 2075 de
501 2037 736 2080 dispersione
753 2038 1014 2085 pecuniarum
1030 2037 1357 2086 provenientium
1373 2045 1419 2073 ex

136 2088 387 2136 pensionibus
404 2088 617 2126 domorum
630 2110 644 2130 ‚
659 2100 742 2138 quae
761 2089 801 2126 in
814 2089 971 2129 dotalia
988 2090 1153 2128 subsidia
1184 2087 1339 2135 erogari
1356 2085 1426 2123 de⁴

135 2140 231 2177 bent
252 2164 264 2183 ‚
281 2138 434 2179 idcirco
450 2140 674 2178 iniunt‘iurn
689 2139 880 2188 Episcopo
894 2140 974 2180 fuit
992 2166 1005 2184 ‚
1040 2149 1083 2177 ut
1113 2139 1251 2178 sedulo
1270 2138 1427 2192 hicum-³

134 2190 248 2229 beret
265 2216 278 2235 ,
307 2203 357 2230 ne
371 2191 872 2240 pecuniaedistrahcrentur
889 2218 903 2238 ,
935 2193 974 2231 Sc
990 2190 1126 2242 siquid
1143 2201 1166 2227 a·
1195 2188 1422 2226 Michelina

135 2250 371 2290 perceptum
391 2242 522 2282 fuisset
542 2243 697 2282 restitui
711 2252 871 2282 curaret
889 2272 901 2282 .
1055 2244 1058 2245 ⁷
1408 2288 1416 2294 ,

82 2293 280 2333 Mandata
320 2294 407 2333 Sac.
435 2294 770 2343 congregationis
796 2293 1043 2342 adimplevit
1074 2290 1321 2346 Episcopus,
1351 2300 1421 2338 qua

134 2345 312 2387 retulit,
345 2345 573 2384 Antoni-um
605 2345 689 2385 fere
717 2358 785 2393 per
800 2356 922 2398 amics
947 2344 1047 2382 duos
1081 2344 1195 2389 fupra
1218 2343 1419 2389 triginta-2

134 2396 419 2436 hereditatem
451 2397 681 2437 Sacerdotis
691 2396 824 2446 ,iacobi
845 2393 1052 2445 poffedisse
1072 2419 1089 2440 2
1111 2405 1242 2442 eoque
1257 2402 1417 2439 tempo·

133 2461 176 2487 re
195 2447 347 2486 Puellis
365 2460 533 2487 numero
547 2458 711 2489 centum
730 2474 744 2494 ‚
772 2450 810 2488 ὃ(
827 2447 973 2497 viginti
987 2444 1309 2483 nominationem
1325 2455 1421 2482 con-

133 2498 270 2540 tulisse
284 2527 294 2537 .
312 2498 500 2546 ignorare
517 2509 655 2539 autem
670 2500 873 2549 dicit‚quo
891 2497 1045 2546 precise
1061 2507 1168 2535 anno
1185 2494 1333 2535 Puellae
1350 2504 1421 2532 no«

133 2559 297 2591 minata:
317 2551 468 2598 luerint
483 2576 495 2594 ‚
522 2562 650 2602 neque
667 2552 706 2590 id
720 2552 901 2589 constare
917 2545 1024 2595 poife
1040 2571 1053 2590 ‚
1072 2559 1166 2586 cnm
1181 2546 1268 2586 fere
1281 2557 1421 2585 omnes

131 2604 275 2652 absque
305 2602 581 2650 designatione
595 2603 679 2641 diei
694 2627 707 2646 ‚
739 2603 777 2641 Sc
804 2600 896 2640 anni
912 2600 1067 2638 select-e
1085 2600 1391 2645 comperiantur
1409 2626 1419 2635 .

129 2654 304 2696 Addidit
318 2677 334 2696 2
355 2665 400 2693 ex
419 2653 466 2691 ii<
485 2653 634 2695 Puellis
652 2678 669 2699 ‚
695 2653 835 2704 quibus
868 2650 1096 2691 nominatio
1128 2650 1279 2691 conata
1310 2649 1390 2707 suit
1407 2672 1421 2690 s

238 2705 479 2745 TamaXLlll.
943 2700 983 2740 N
1344 2710 1425 2744 13¹¹]
