1924 2955
553 134 609 163 13.
627 119 820 159 Februarii
840 133 947 167 1773.
1367 138 1408 161 ,τι

88 180 134 212 ut
156 172 234 211 fine
256 172 490 218 praejudicio
512 172 688 210 alterius
721 174 848 212 adhuc
867 170 1043 210 viventis
1062 170 1271 219 Capeliani
1294 198 1305 216 ‚
1333 186 1406 221 ge·

93 222 213 262 minae
231 223 478 270 Capellaniae
499 223 798 272 supprimantur
816 249 828 267 ‚
857 225 893 263 ὃς
906 223 954 264 ad.
971 224 1112 261 statum
1129 223 1407 262 amovibilita-

95 275 175 315 tis,
195 276 232 314 &
249 275 582 322 Capellaniarum
601 299 613 317 ‚
634 288 717 324 quse
737 275 995 318 mercenariae
1015 274 1268 321 imposterum
1301 276 1374 313 fint
1392 299 1407 319 ‚

96 326 329 376 redigantur
348 356 356 365 .
401 326 493 366 Hoc
514 326 705 379 quaeritur
723 328 760 369 in
781 328 902 366 dubio
919 325 1091 370 BENV.
1111 338 1181 377 pro
1199 327 1408 370 definitio-

98 391 144 415 ne
175 379 376 427 proposito
404 406 413 415 .

47 430 390 472 Eminentiffimu5
411 429 750 478 Archiepiscopus
769 453 781 472 ,
807 430 947 469 audito
979 430 1050 469 suae
1067 428 1403 478 Archiepiscopa-

96 482 148 520 lis·
167 481 296 523 Curiae
328 481 564 521 Promotore
592 481 732 519 Fiscali
768 505 780 523 ‚
798 483 865 530 qui
893 481 1084 529 petitioni
1105 482 1323 523 consentit,
1343 495 1405 519 re·-

97 532 178 573 :fert
197 559 207 577 ,
231 533 442 582 sequutam
479 534 644 575 instante
661 533 855 579 Capitulo
885 533 1213 579 Capelianiarum
1231 534 1405 574 eret‘tio-

97 596 290 627 uem‚non
310 586 434 622 solum
458 585 636 622 Ecclefiae
666 585 868 629 utilitati,
896 596 939 622 ac
957 583 1096 622 decori
1116 584 1215 621 nihil
1237 584 1417 631 profuis-,

97 638 134 675 se
152 663 164 681 ‚
189 636 258 675 sed
275 636 399 673 immo
420 636 673 676 incommoda
695 636 840 677 auxilse
856 661 868 680 ,
896 648 978 684 quae
998 636 1128 673 averti
1160 636 1262 682 posse
1292 649 1401 677 nort..

99 688 283 735 desperat
299 713 311 732 ‚
343 689 367 725 fi
384 688 620 727 amovibiles
634 688 728 726 fiant
745 711 757 729 ‚
779 690 871 729 curn
887 686 1125 733 Capeliani,
1145 687 1293 725 timore
1313 700 1402 736 per·

98 739 234 777 territi
254 739 470 777 amittendi
489 740 671 778 diurnam
691 738 922 776 mercedem
953 749 999 775 ex
1017 737 1255 788 quotidiano
1273 739 1393 779 servi·

97 791 159 829 tio
176 791 509 838 persolvendam,
540 790 769 840 mendicato
797 797 986 837 pretextu
1005 814 1018 832 ‚
1051 789 1242 837 inanique
1276 801 1399 829 excu-

92 843 249 882 satione
277 855 352 879 non
382 841 571 880 deficient
590 841 603 881 ,’
631 840 774 882 Addit,
795 840 867 885 nil,
890 849 1034 887 praeter
1053 840 1400 883 erectionemcob-

92 895 218 937 stare,
252 893 462 942 quominus
494 903 632 939 preces
646 892 911 930 exaudiantur
940 897 950 931 .’
982 892 1183 932 Observat
1215 901 1400 935 tanturn-

90 945 212 985 modo
230 969 240 988 ‚
256 946 478 985 clanmem.
494 943 753 984 Cardiualem
772 944 1068 987 Odescalchum
1097 944 1199 983 olim
1219 945 1394 983 Arehie-

91 996 294 1047 piscopum
313 995 659 1038 Mediolanensem
674 994 889 1043 applicasse
920 1008 990 1041 pro
1022 1005 1271 1043 augumento
1288 996 1393 1034 dotis

91 1046 372 1096 erigendarum
402 1047 729 1095 Capellaniarum
762 1047 1033 1095 quantitatem
1063 1047 1253 1089 librarum
1279 1048 1389 1089 ¹876),

88 1100 313 1138 detractam
342 1111 386 1138 ex
405 1098 713 1145 majorisumrna
733 1099 954 1144 ‚librarum
980 1098 1138 1143 seilicet
1165 1105 1278 1140 8000.
1311 1100 1390 1139 Ca-

92 1151 223 1198 pitulo
239 1151 430 1190 traditam
461 1152 505 1188 ab
522 1150 740 1192 haeredibus
759 1151 1012 1198 Chistophori
1039 1151 1168 1193 Bentij
1191 1177 1203 1194 ‚
1235 1152 1302 1200 qui
1330 1153 1391 1191 le-

87 1211 227 1252 gatum
246 1215 336 1240 cum
354 1215 477 1244 onere
494 1202 615 1240 Miffie
635 1203 927 1241 conventualis
944 1203 1127 1253 quotidie
1146 1204 1390 1245 celebranda:

90 1254 222 1294 eidem
242 1254 435 1294 Camtulo
455 1254 677 1303 reliquerat
699 1283 710 1293 .
737 1254 883 1292 Censet
901 1264 1040 1295 autem
1071 1267 1145 1292 non
1165 1266 1253 1293 eam
1281 1253 1396 1295 fuisse

92 1303 390 1347 Praedecesforis
421 1307 476 1344 sui
520 1316 700 1349 mentem
735 1331 747 1350 ,
792 1315 836 1345 ut
865 1319 909 1345 ex
939 1307 1198 1355 affignatione
1235 1307 1396 1344 summa:

89 1367 291 1406 perpetua:
320 1357 567 1403 Capellaniae
597 1359 847 1406 erigerentur
866 1384 879 1402 ‚
908 1359 971 1397 sed
1003 1359 1159 1402 solum,
1193 1366 1236 1396 ut
1272 1358 1397 1406 praeri·

93 1409 178 1446 uita
208 1410 287 1452 jam
318 1408 546 1456 aCapitulo
573 1410 899 1458 Capellaniarum
927 1411 1080 1454 ereetio
1109 1410 1270 1450 facilius
1303 1422 1398 1449 exe-

94 1469 289 1509 queretur
306 1489 315 1502 ,.

48 1509 259 1561 Quatenus
290 1512 364 1549 EE.
387 1510 472 1549 VV.
497 1512 681 1553 Capituli
708 1511 900 1557 petitioni
928 1511 1216 1555 assentiendum
1255 1512 1387 1554 existi-

98 1562 328 1606 maverint,
355 1561 507 1609 duplici
535 1564 655 1604 modo
672 1561 953 1609 procedipolie
971 1564 1159 1608 videtur,
1190 1564 1387 1602 videlicet

90 1622 159 1652 aut
186 1614 355 1652 titulum
382 1612 708 1660 Capellaniarum
738 1612 1018 1661 supprimendo
1047 1640 1058 1658 ‚
1099 1614 1244 1664 easque
1275 1615 1389 1653 redu-

93 1664 223 1706 cendo
240 1667 287 1702 ad
304 1664 504 1712 simplices
533 1665 740 1707 manuales
755 1690 767 1709 ‚
799 1676 844 1703 ac
865 1666 1133 1707 mercenarias
1151 1692 1162 1710 ,
1184 1675 1253 1709 aut
1271 1666 1383 1705 firma

93 1724 328 1759 remanente
347 1716 507 1755 illarum
526 1717 730 1766 qualitate
746 1741 760 1760 ‚
783 1716 946 1756 modum
964 1718 1080 1758 unice
1106 1718 1313 1762 variando,
1337 1719 1392 1756 ita

95 1768 259 1817 quidem
276 1793 288 1812 ‚
320 1777 364 1806 ut
392 1769 441 1810 ad
462 1767 643 1817 Capituli
659 1776 802 1806 nutum
823 1769 896 1807 fint
920 1769 1167 1817 inposterum
1200 1770 1393 1810 amovibi0

88 1821 148 1858 les
163 1848 174 1858 .
206 1819 353 1868 Quoad
374 1820 548 1866 primum
571 1820 895 1863 animadvertere
913 1822 1082 1868 praestat,
1100 1834 1175 1859 non
1194 1819 1251 1859 ita
1271 1820 1391 1863 facile

89 1872 276 1920 permitti
306 1871 600 1913 Beneficiorum
619 1871 928 1920 suppressionem
946 1898 958 1916 ‚
987 1885 1036 1910 ne
1056 1873 1226 1910 Divinus
1251 1875 1386 1915 cultus

91 1924 356 1967 imminuatur
388 1922 478 1972 Cap.
496 1925 553 1961 Ex
566 1933 669 1970 parte
693 1936 750 1965 13.
768 1925 813 1965 de
828 1925 971 1972 constit.
987 1950 999 1968 ,
1014 1925 1244 1972 ThoquanAe
1261 1926 1386 1973 Renes:

89 1985 385 2023 cap.13.num.x.
409 1984 420 1994 ·
451 1974 712 2014 Permittitur
728 1983 896 2017 autem,
926 1976 952 2013 fi
982 1976 1161 2017 Ecclesia:
1191 1976 1350 2014 utilitas
1379 2000 1392 2018 ‚

91 2027 156 2065 vel
176 2025 416 2070 necessitas,
445 2035 514 2065 aut
537 2026 677 2065 Divini
707 2028 843 2066 cultus
872 2036 1133 2076 augmentum
1167 2027 1205 2067 id
1233 2028 1390 2077 exigat:

97 2078 228 2118 Immo
247 2078 491 2120 alterutrum
510 2090 555 2116 ex
574 2078 633 2116 nis
662 2077 840 2117 sufficere
860 2088 974 2124 putat
996 2080 1142 2118 Corrad.
1159 2081 1395 2119 inpraxsse-

89 2130 194 2176 nefic,
213 2129 318 2173 liba,
337 2133 455 2179 cap.8.
472 2142 635 2175 nanum.
658 2140 719 2177 14.
737 2154 749 2173 ‚
769 2129 889 2180 &seq
905 2159 915 2168 .
947 2131 1124 2170 Maxime
1157 2131 1182 2168 fi
1199 2131 1246 2169 ad
1266 2132 1394 2179 pristi—

89 2194 183 2221 num
201 2182 341 2224 statum
372 2181 655 2224 restituantur,
681 2192 753 2220 nec
769 2193 838 2228 per
855 2182 1102 2223 ereftionem
1134 2183 1324 2225 habeatur
1353 2183 1394 2221 fi-

89 2233 148 2270 nis
164 2234 210 2271 ab
225 2231 471 2280 erigentibus
494 2233 647 2275 volitus
665 2261 675 2271 .
706 2232 1028 2279 Ponderandum,
1049 2235 1085 2273 in
1105 2233 1287 2283 praesenti
1302 2235 1394 2275 casu

91 2284 139 2321 ad
165 2284 410 2329 erectionem,
455 2294 739 2332 perpetuarum
773 2282 1104 2332 Capellaniarum
1135 2287 1388 2327 deventum-a

88 2328 201 2376 fuisse
217 2360 230 2380 ,
272 2344 316 2374 ut
348 2334 529 2374 Ecclefiae
560 2336 680 2376 decor
716 2347 957 2384 augeretur,
992 2338 1223 2387 Divinoque
1260 2337 1391 2374 cultui

88 2386 251 2424 uberius
276 2387 568 2433 prospiceretur
590 2412 604 2432 ‚
633 2387 696 2426 sed
715 2389 965 2432 experientia
1008 2395 1266 2434 compertum
1285 2386 1361 2426 effe
1379 2413 1392 2431 ‚

89 2437 409 2530 parpetuitatem
436 2438 599 2478 officere
626 2464 639 2487 ,
684 2440 721 2478 Sc
753 2438 877 2479 Chori
904 2440 1071 2485 servitio
1101 2437 1394 2479 detrimentum

90 2502 111 2529 a
146 2501 236 2528 erre
261 2517 271 2527 .

47 2536 141 2588 Qo
159 2541 258 2579 vero
289 2540 337 2578 ad
352 2542 525 2581 alterum
547 2542 712 2584 modum
728 2568 740 2588 ‚
771 2553 915 2590 nempe
931 2566 944 2586 ‚
976 2551 1019 2584 ut
1037 2550 1299 2589 permanente
1317 2541 1392 2581 Be-

89 2592 225 2632 neficii
261 2591 389 2630 titulo
414 2604 486 2634 una
506 2595 678 2632 tollatur
705 2593 956 2644 perpetuitas
971 2617 984 2636 ‚
1003 2594 1224 2633 notandum
1240 2617 1254 2638 ‚
1285 2595 1392 2643 quod

87 2645 189 2685 licet
207 2643 458 2694 perpetuitas
487 2647 699 2688 censeatur
723 2646 771 2686 de
788 2643 954 2685 essentia
980 2645 1195 2693 Beneficii,
1226 2659 1304 2687 non
1334 2654 1396 2685 ta-

1297 2708 1394 2741 men
