1924 2955
455 137 749 192 18.Seprembrt⁸s
776 152 889 186 1773.
1090 187 1099 195 .
1328 136 1396 170 ¹81

31 199 239 243 Defuneco
259 196 418 236 haerede
435 219 448 239 ‚
478 196 637 234 Fratres
657 193 865 242 Legatarii
903 189 1099 240 aisequuti
1134 189 1242 228 sunt>
1259 194 1397 223 cenius

83 265 154 303 pro
181 249 507 298 adimplemento
552 245 756 286 Musarum
787 244 1008 284 destinatos
1027 256 1041 282 ‚·
1073 253 1250 294 cumque
1294 248 1399 276 anno

86 316 199 351 1714.
221 300 422 348 redempti
438 299 594 340 fuerint
612 298 692 337 duo
710 309 755 337 ex
774 297 833 335 his
850 295 1034 336 Ceniibus
1052 321 1065 339 ‚
1096 305 1266 343 quorum
1292 301 1393 328 unus

85 364 171 396 erat
193 368 230 394 in
250 354 356 392 sorte
384 354 582 391 scut.1oo=.
605 376 619 394 ‚
648 351 756 389 alter
795 349 966 393 scut.76'.
984 372 997 390 ‚
1029 346 1199 386 solliciti
1235 344 1404 385 fuerunt

85 408 155 455 ipsi
200 416 415 455 utramque
458 406 653 443 suminam
703 403 741 440 in
788 402 1040 448 emptionem
1084 399 1255 438 alterius
1298 409 1397 436 cen·

86 461 148 499 sus
177 470 342 507 erogare
376 469 467 496 cum
505 455 641 494 Felice
664 454 853 492 Palesiaui
875 478 888 495 ‚
917 454 954 491 ὃς
983 464 1075 494 cum
1105 451 1266 493 solidali
1299 450 1405 488 obli-

90 511 256 562 gatione
277 509 462 549 Oddonis
480 507 677 556 Sgariglia
696 536 706 546 .
737 505 943 544 Similiter
961 506 1129 556 sequuta
1158 515 1260 544 anuo
1285 516 1401 551 1754.

96 562 380 610 redemptione
396 560 568 599 alterius
585 560 724 597 census
746 558 785 595 in
805 558 955 595 summa
973 558 1023 596 sc.
1053 573 1159 599 100·‚
1182 557 1283 593 hanc
1302 558 1410 594 sum-

95 628 203 654 mam
224 615 260 651 in
282 613 362 651 alio
377 613 493 652 censu
511 623 604 650 cum
626 610 750 650 Paulo
768 633 780 653 ‚
799 611 835 649 ὃς
856 611 1039 648 Antonio
1073 608 1215 648 Manui
1245 608 1406 652 reinve-

98 669 264 705 stierunt
281 694 291 703 .

49 720 234 760 Decursu
254 717 450 764 temporis
469 716 618 754 factum
636 716 687 754 est
704 738 716 755 ,
736 723 779 752 ut
796 723 881 752 tam
904 714 1129 753 Palessanus
1145 740 1157 759 ‚
1177 729 1297 767 quam
1318 718 1408 758 Fra-

105 780 186 809 tres
205 771 254 808 de
274 770 435 806 Manuis
455 769 655 807 Censuum
673 767 876 805 debitores
897 767 996 805 Foro
1017 767 1221 812 cesserint,
1242 782 1405 808 eorum-

103 835 179 872 que
199 823 296 859 bona
315 823 361 858 ab
373 820 639 858 anterioribus
671 818 941 856 creditoribus
969 819 1152 869 absorpta
1173 845 1185 863 ‚
1220 823 1408 860 inanem„

102 873 355 913 reddiderint
372 872 574 910 astionem
593 868 667 906 PP.
685 868 994 917 Legatariorum
1026 884 1097 920 pro
1126 869 1403 912 satisfae‘tione

102 927 292 965 censuum
308 947 321 965 ,
339 923 405 972 qui
424 921 623 970 deperditi
641 922 804 959 omnino
820 920 985 961 fuerunt
1003 937 1017 962 ‚·
1047 924 1098 962 Et
1117 925 1245 965 inanis
1277 927 1405 965 etiam

101 978 182 1015 fuit
213 976 317 1013 aetio
348 983 534 1023 promota
554 982 693 1012 contra
725 974 903 1013 haeredes
943 975 1129 1014 Oddonis
1147 977 1343 1026 Sgariglia
1360 977 1409 1017 fi-

104 1027 313 1073 dejussoris
351 1028 489 1064 census
504 1038 524 1064 a
543 1025 746 1064 Palessano
764 1025 938 1072 impoliti
958 1053 969 1071 ‚
990 1039 1078 1068 nam
1099 1029 1227 1066 titulo
1247 1029 1410 1080 antiqui

105 1078 399 1119 fideicommissi
421 1078 531 1118 iilius
546 1089 703 1128 quoque
722 1078 821 1115 bona
838 1080 1043 1117 vindicata
1073 1079 1239 1119 fuerunt
1259 1110 1268 1120 .
1301 1081 1411 1121 Hinc

108 1134 233 1171 *iidem
274 1130 462 1179 Religioli
507 1141 645 1182 preces
675 1129 866 1169 exhibent
901 1143 972 1178 pro
1000 1132 1236 1172 reductione
1279 1131 1410 1171 miffa-

108 1197 196 1223 rum
214 1210 227 1228 ‚
245 1185 281 1222 Sc
299 1182 483 1232 quamvis
506 1182 722 1229 Episcopus
741 1181 913 1229 ipsorum
935 1184 1127 1230 petitioni
1159 1185 1329 1224 minime
1345 1196 1416 1223 an·

106 1236 313 1276 nuendum
348 1234 546 1273 existimet
568 1260 579 1279 ,
610 1234 724 1273 illam
739 1241 877 1275 tamen
904 1236 949 1273 ab
969 1236 1048 1274 EE.
1072 1238 1167 1278 VV.
1198 1238 1416 1278 obtinere„-

108 1302 185 1326 nou
206 1287 422 1334 desperant
448 1316 457 1325 .

61 1342 165 1381 Satis
182 1341 289 1378 enim
307 1339 373 1376 fibi
392 1337 467 1377 else
485 1346 628 1385 putant
649 1338 794 1377 docere
809 1338 858 1376 de
891 1340 1127 1380 reddituum
1157 1342 1420 1380 imminutio-

112 1404 161 1430 ne
180 1416 192 1432 ,
208 1403 293 1437 quae
312 1391 454 1438 absque
473 1391 555 1428 ulla
577 1390 748 1435 ipsorum
781 1391 900 1437 eulpa
932 1393 1133 1431 acciderit
1152 1419 1163 1437 ‚
1206 1392 1312 1430 Ferr.
1347 1398 1420 1431 in..-

112 1441 212 1481 Bibl.
230 1442 331 1480 verbe
346 1441 467 1487 Miffae
483 1443 625 1487 Sacris.
646 1443 736 1478 Art.
766 1455 803 1478 2.
820 1455 985 1490 num.14.
1007 1472 1016 1481 .
1038 1443 1126 1481 N'ec
1143 1446 1193 1483 de
1213 1444 1419 1488 hujusmo-

112 1495 152 1533 di
171 1493 457 1530 imminutione
480 1492 656 1530 dubitari
674 1491 778 1538 polle
793 1517 805 1535 ‚
825 1504 916 1530 cum
936 1493 1085 1532 frustus
1105 1496 1295 1533 censuum
1312 1520 1324 1537 ‚
1348 1495 1420 1543 qui

113 1547 214 1584 olim
232 1545 279 1583 ad
298 1545 350 1582 sc.
372 1556 429 1585 25.
453 1549 516 1586 ὅς.
537 1544 819 1592 pertingebant
835 1569 849 1588 ‚
884 1546 933 1583 ad
953 1546 1032 1584 sola
1050 1547 1098 1585 sc.
1121 1555 1176 1584 11.
1214 1561 1271 1585 10,
1308 1547 1426 1584 redg-

117 1600 176 1635 ξω
195 1595 314 1634 modo
329 1594 510 1638 fuerint,
541 1608 627 1644 quse
656 1607 704 1633 ne
726 1595 765 1632 in
799 1596 958 1635 ratione
985 1598 1148 1646 quidem
1194 1598 1426 1637 elemosinae

119 1648 318 1692 manualis
333 1659 402 1693 pro
416 1645 692 1685 satisfae‘tione
705 1646 832 1685 trium
847 1648 1050 1686 missarum
1068 1651 1248 1698 qualibet
1272 1650 1427 1687 hebdo-

119 1700 235 1739 mada
251 1697 452 1737 sufficiunt
468 1727 478 1737 .
508 1698 901 1742 Addunt‚Cenfuum
919 1699 1250 1751 deperditionem
1279 1701 1425 1749 absque

117 1754 198 1791 ulla
223 1751 394 1799 ipsorum
409 1752 525 1797 culpa
543 1749 717 1790 evenisse
734 1776 746 1794 ‚
764 1750 856 1799 quia
872 1760 957 1790 tam
989 1753 1211 1792 Palesian'us
1230 1778 1242 1796 ‚
1275 1762 1423 1802 quant..

118 1805 280 1843 Fratres
294 1803 342 1841 de
359 1801 520 1841 Mannis
541 1803 706 1841 illorum
738 1802 946 1842 debitores
980 1806 1130 1849 nonnisi
1159 1808 1239 1853 post
1266 1805 1431 1847 multos

120 1868 245 1894 annos
261 1867 281 1892 a
297 1854 365 1893 die
384 1854 649 1904 impositionis
666 1854 768 1894 Foro
780 1853 985 1895 cesserunt
1003 1883 1014 1902 ‚
1050 1858 1086 1897 Sc
1121 1857 1240 1896 antea
1274 1857 1347 1895 bon
1359 1854 1431 1893 um

122 1909 277 1954 semper
291 1918 437 1945 nomen
454 1933 466 1951 ‚
501 1919 543 1947 ac
562 1905 713 1946 famam
732 1909 961 1948 habuerunt
977 1933 989 1953 ,
1022 1907 1254 1959 fructusque
1286 1909 1433 1948 exacte

128 1959 412 2005 persolverunt
433 1987 443 1996 .
1319 1967 1321 1969 ’

74 2012 371 2066 Perperamque
403 2011 442 2047 in
473 2012 671 2053 relatione
690 2013 918 2064 Episcopi,
946 2015 1230 2066 decot‘iiouem
1259 2013 1429 2059 debito-

130 2073 217 2118 rum
230 2063 353 2099 tribui
372 2070 515 2110 putant
538 2064 762 2104 oscitantiae
780 2091 795 2111 ‚,
808 2067 845 2106 Sc.
864 2069 992 2115 culpae
1010 2068 1339 2117 Legatariorum‚
1356 2063 1430 2115 qui

126 2113 340 2161 hipote'cas
357 2115 470 2162 super
491 2114 654 2154 illorum
673 2119 799 2164 :bonis
832 2133 909 2160 non
937 2121 1225 2168 previderintfi,
1254 2117 1436 2164 Respon-

127 2165 224 2203 dent
243 2165 369 2210 enim,
390 2167 676 2216 inquirendum
695 2173 983 2211 tantummodo
1000 2171 1076 2212 effe
1096 2198 1108 2217 ‚
1140 2185 1186 2211 an
1220 2169 1432 2210 debitores

131 2217 267 2253 idonei
282 2216 433 2256 fuerint
472 2220 519 2257 ab
548 2220 667 2258 initio
684 2247 696 2264 ‚
729 2224 886 2273 quando
918 2225 1001 2263 illis
1034 2224 1192 2263 credita
1227 2218 1433 2270 pecunia-A

130 2265 208 2305 fuit
227 2292 240 2310 ‚
258 2270 360 2306 baud
379 2279 543 2309 attento
559 2296 571 2314 ‚
590 2273 687 2322 quid
707 2275 835 2321 postea
863 2277 1050 2315 evenerit
1068 2304 1079 2315 .
1099 2279 1184 2324 Leg.
1202 2272 1338 2323 quisub
1354 2282 1439 2306 con-

132 2321 224 2356 dim
237 2332 294 2356 ιο.
312 2328 349 2361 §-
369 2323 413 2357 de
427 2326 560 2361 condic.
584 2348 595 2367 ‚
618 2327 660 2368 εἷς·
676 2328 903 2376 demonstrat.
921 2328 1009 2366 Rot.
1026 2329 1232 2372 decis.679.
1250 2333 1435 2365 numm-1

134 2369 261 2426 &szss
283 2385 395 2407 coram
413 2375 576 2413 Lancett.
595 2379 691 2415 Tam.
713 2390 745 2419 3.
773 2379 999 2417 Praesertim
1016 2380 1107 2428 quia
1124 2373 1329 2424 Legatarii
1348 2383 1439 2411 cau·

133 2432 165 2461 ti
197 2420 360 2460 fuerunt
390 2424 705 2471 fideiuliionem,
734 2432 770 2469 Sc
812 2431 1024 2468 solidalem
1068 2426 1363 2475 obligationem
1393 2424 1442 2462 ab

136 2484 306 2530 utroqtie
326 2474 509 2530 debitore
526 2481 739 2530 exquirere
765 2510 774 2520 .
790 2480 937 2531 Neque
953 2479 1172 2527 culpandos
1193 2476 1272 2517 effe·
1285 2503 1301 2522 ,.
1315 2477 1439 2527 quia-2

137 2536 327 2574 pecunias
350 2529 575 2567 lucensibus
598 2532 899 2571 reinvestieriut
921 2533 1065 2580 absque
1084 2532 1167 2569 ulla
1198 2529 1442 2578 Episcopalis

143 2577 275 2616 Curix
292 2576 488 2631 facultate
504 2591 513 2616 ε
529 2581 652 2620 licere
672 2585 783 2621 enim
798 2584 988 2621 sustinent
1013 2582 1275 2631 Regularibus
1293 2580 1439 2629 absque

142 2628 369 2673 hujusmodi
391 2630 589 2670 facultate
604 2635 743 2674 census
756 2646 892 2675 creare
910 2658 922 2676 ‚
959 2637 996 2674 ὃς
1023 2647 1068 2673 ex
1102 2633 1277 2672 censibus
1309 2641 1444 2669 retro-

145 2680 324 2720 venditis
348 2682 448 2719 alios
467 2681 599 2721 denuo
615 2696 811 2723 renovare
828 2713 838 2722 .
855 2687 939 2726 Suc.
956 2689 1186 2737 Congregatio
1212 2688 1252 2723 in
1284 2685 1446 2722 Romana

159 2732 428 2780 cisterceatium
450 2746 482 2772 1.
497 2737 723 2784 Septembris
741 2749 785 2784 ¹7
797 2749 854 2779 17·
1202 2732 1208 2736 ”
1358 2733 1453 2784 Epi-
