1924 2955
313 229 317 232 ι
515 183 574 219 18.
593 176 806 219 Decembris
825 192 937 229 1773.
1352 190 1429 230 197

104 235 195 264 cum
208 235 448 277 contingere
465 230 582 278 poffit
596 254 609 274 ‚
640 241 684 270 ut
704 232 881 272 Familiae
900 230 1071 272 secundo
1089 232 1185 273 loco
1198 233 1419 274 substitutae

104 277 393 335 obPuellarum
411 282 573 330 copiam
591 282 853 332 praeferantur
866 285 958 323 aliis
975 284 1106 332 primo
1124 285 1217 324 loco
1232 294 1422 326 contem-

105 332 229 379 platis
248 357 259 375 .
291 333 414 380 iisque
435 333 543 373 dotis
562 337 926 387 consequutionem
942 336 1206 384 praepediant,
1224 339 1330 388 quod
1347 337 1429 377 Te-

104 384 262 422 statoris
277 383 578 432 dispositionem
599 387 850 436 infringeret.
869 391 952 427 Rot.
967 401 1082 426 coram
1098 390 1248 435 Eunoz.
1271 389 1421 440 Junior.

108 436 511 482 decifi699.num.t7.‚
530 442 572 482 ξφ
588 451 706 477 coram
723 442 884 488 Caprara
901 440 1010 488 decis.
1022 453 1255 489 147.num.7.

60 489 127 529 Ad
148 488 200 527 Il.
215 488 349 528 asierit
364 514 376 533 ,
394 487 593 529 familiam
609 489 828 530 Lotrecchi
846 494 979 540 primo
995 493 1087 530 loco
1104 491 1217 531 fuisse
1250 504 1270 530 a
1286 492 1427 533 Testa-

115 551 205 581 tore
221 541 497 584 nominatam,
529 554 575 581 ac
592 551 806 590 propterea
841 555 918 592 prae
935 545 1091 582 exteris
1124 544 1216 583 aliis
1251 542 1425 584 familiis

114 594 241 643 magis
260 593 452 632 dilectam
468 606 481 631 ‚·
513 594 621 632 Hinc
640 593 782 638 infert,
798 606 1019 644 congruum
1038 594 1141 641 effe,
1155 605 1199 635 ut
1220 597 1361 635 Puella
1380 609 1427 636 ex

111 658 159 685 ea
177 645 333 683 familia
368 652 461 682 natu
480 647 609 691 major
625 672 637 690 ,
675 647 712 686 St
728 659 812 696 quae
828 647 877 684 ad
895 648 1128 697 requisitam
1146 656 1309 686 aetatem
1326 661 1427 698 qua-

110 697 341 737 tuordecim
372 708 566 735 annorum
595 699 676 743 jam
707 698 920 745 pervenit,
953 699 991 736 in
1007 697 1254 737 assecutione
1274 700 1426 738 dotalis

112 749 268 788 subsidii
307 747 542 795 praeferatur
575 779 585 788 .
628 753 715 797 Leg.
749 750 903 801 Qtiex
932 752 970 786 in
993 752 1147 798 princip.
1183 750 1228 797 ff:
1261 751 1307 787 de
1336 753 1429 799 usu-

106 801 220 848 frufl.
247 825 259 845 ‚
290 803 332 844 &¹
354 803 440 847 Leg.
472 803 515 838 Si
544 802 718 840 Dominus
751 815 813 838 22.
844 802 890 837 de
918 804 963 837 iis
983 826 995 845 ,
1025 804 1086 851 qui
1105 800 1277 849 suntsm'
1303 826 1316 845 ‚
1361 803 1423 840 vel

109 853 218 892 alien.
244 851 378 904 juris..
427 850 584 894 Addit,
612 853 726 896 juxta
758 851 981 890 Testatoris
1011 862 1260 900 praeceptum
1302 851 1420 892 dota·

109 906 151 944 le
182 903 391 943 subsidium
433 902 556 940 tribui
596 904 742 942 debere
770 903 923 942 Puellis
952 911 1048 942 natu
1081 905 1299 950 majoribus
1330 927 1344 947 ‚
1385 906 1423 945 Sc

108 954 445 996 descendentibus
471 966 493 992 a
520 953 702 993 Familiis
746 953 889 1005 abipso
918 957 1139 995 nominatis
1174 981 1187 999 ‚
1217 956 1344 995 etiam
1376 956 1428 995 ad

109 1007 379 1048 exclusionem
401 1006 574 1045 aliarum
596 1006 830 1046 Puellarum
848 1016 943 1046 natu
973 1008 1176 1046 minorum
1195 1033 1209 1052 ,
1236 1008 1428 1058 quamvis

108 1071 131 1099 a
148 1057 331 1098 Familiis
346 1059 566 1097 nominatis
596 1058 889 1098 descenderent
905 1085 918 1103 ‚
947 1068 1072 1110 atque
1087 1059 1256 1099 fidcirco
1272 1060 1425 1108 potiori

107 1114 194 1158 jure
225 1109 505 1158 praelationem
542 1109 798 1152 tribuendam
827 1109 915 1156 :esse
958 1110 1108 1151 Puella:
1148 1120 1245 1150 natu
1279 1111 1425 1153 maiori

108 1162 278 1205 familiae
308 1160 556 1205 Lotrecchi‚
587 1163 753 1202 exclufis
788 1162 948 1211 penitus
978 1163 1133 1204 Puellis
1167 1163 1216 1202 de
1233 1161 1423 1201 familia..

108 1214 267 1264 Magini
297 1239 311 1260 ‚
354 1222 551 1264 quatenus
584 1216 662 1254 haec
691 1215 1017 1263 subrogationem
1047 1213 1300 1266 assequatur.
1332 1213 1424 1253 Nec

108 1265 238 1306 obesse
258 1266 378 1305 sortis
396 1266 622 1315 periculum
651 1278 672 1305 a
689 1265 899 1306 Testatore
916 1267 1207 1307 demandatum
1230 1291 1244 1311 ‚
1271 1277 1366 1304 cum
1383 1265 1423 1303 id

110 1320 251 1358 locum
268 1319 413 1357 habeat
429 1317 468 1356 in
485 1317 677 1359 concursu
690 1319 864 1359 aliarum
878 1319 1221 1370 Puellarum,quae
1239 1317 1427 1365 polleant

111 1369 314 1420 requisitis
343 1381 365 1408 a
379 1368 591 1409 Testatore
608 1369 844 1419 prescriptis
863 1399 872 1409 .
902 1370 989 1410 Has
1005 1380 1143 1410 autem
1162 1371 1331 1409 omnino
1355 1369 1429 1408 de-

114 1421 236 1461 ficere
252 1420 354 1458 dicit
372 1444 385 1463 ,
424 1433 515 1459 cum
532 1420 689 1461 familia
709 1421 809 1463 Boffi
828 1444 842 1464 ³
871 1434 955 1472 quae
983 1425 1146 1462 tantum
1174 1423 1294 1460 habet
1323 1421 1440 1461 Puel-

114 1474 197 1513 lam
220 1471 375 1511 subsidii
399 1483 618 1520 capacem,
655 1473 864 1521 subrogata
895 1473 1021 1513 fuerit
1052 1474 1216 1513 familia:
1257 1469 1430 1510 Manzo-

116 1527 175 1569 ni,
189 1526 227 1565 Sc
245 1525 372 1563 tribus
389 1525 470 1569 jam
485 1524 639 1564 vicibus
655 1524 764 1568 dotis
783 1525 922 1572 legato
941 1526 1074 1573 potita
1093 1523 1220 1563 fuerit
1238 1552 1247 1561 .

63 1578 120 1619 Ex
134 1578 215 1617 alia
249 1588 347 1615 vero
377 1583 521 1624 parte,
552 1577 620 1625 qui
649 1588 720 1624 pro.
750 1575 946 1624 Capitulo
972 1575 1235 1616 Cathedralis
1265 1575 1430 1615 causam

114 1636 241 1680 agunt
257 1653 270 1672 ,
286 1627 544 1666 contendunt
558 1627 608 1666 ad
623 1627 657 1665 1.
676 1652 688 1671 ,
719 1638 796 1664 non
815 1625 892 1666 else
909 1628 1044 1672 locum
1074 1627 1351 1675 subrogationi
1370 1625 1431 1663 fa·

113 1681 241 1722 miliae
271 1678 428 1728 Magini
460 1680 497 1717 in
513 1678 719 1719 defet‘tum
736 1678 902 1717 familiae
917 1678 1113 1728 Angelini
1130 1703 1143 1724 ,
1171 1679 1264 1728 quia
1289 1677 1431 1716 dotale

114 1732 329 1774 subfidium
359 1731 407 1770 ab
437 1731 602 1771 Andrea
631 1731 836 1780 Borgogna
871 1730 1098 1773 institutum
1131 1730 1325 1769 relietum
1355 1728 1436 1767 fuit

115 1798 189 1836 per
205 1784 370 1823 modum
400 1783 552 1833 legati,
581 1795 661 1828 non
677 1787 787 1822 {vero
801 1781 1099 1822 fideicommifli
1117 1807 1130 1827 ‚
1148 1780 1432 1831 proindeque,

115 1850 196 1878 non
212 1834 394 1876 sufficere
425 1836 597 1875 tacitam
623 1835 885 1875 vocationem
901 1860 915 1880 ,
943 1834 1009 1875 sed
1034 1833 1251 1884 expressam
1267 1832 1437 1872 omnino

120 1888 277 1938 requiri
301 1889 350 1926 ad
377 1888 483 1928 Text.
516 1892 555 1926 in
569 1886 654 1937 Leg'.
674 1889 707 1937 fi
721 1888 788 1930 alii
813 1890 853 1925 in
868 1887 939 1933 fin.
962 1886 1006 1936 ff}
1023 1885 1261 1935 deusufruff.
1291 1884 1404 1933 legat.
1422 1907 1438 1928 o

118 1944 241 1989 Nigr.
260 1941 305 1977 de
327 1944 498 1978 nominat.
514 1941 621 1980 liba.
639 1951 761 1988 cap-7.
780 1950 899 1979 mmm
909 1950 944 1982 5.
963 1965 977 1984 ‚
992 1937 1432 1986 Rot.dect]l230.num.16.

115 1991 456 2044 parenstam.
476 2021 486 2030 .
519 1992 875 2040 &pressam-vero
902 1991 1165 2033 vocationem
1194 2000 1271 2028 non
1302 1990 1436 2027 solum

120 2044 296 2084 deficere
325 2044 542 2088 sustinent,
573 2046 640 2084 sed
668 2046 833 2094 insuper
866 2043 1099 2089 affirmant,
1124 2040 1440 2081 demandatam„

122 2095 388 2141 Familiarurn
404 2096 729 2144 subrogationem
758 2096 983 2136 coercitam
1002 2093 1079 2136 effe
1110 2094 1159 2133 ad
1176 2093 1311 2132 casum
1338 2090 1439 2129 defi·

125 2147 290 2188 cientiae
317 2148 491 2192 alicujus
509 2158 555 2185 ex
570 2145 740 2188 familiis
758 2148 904 2197 abipso
921 2146 1159 2195 nominati3‚
1190 2145 1313 2194 idque
1325 2153 1374 2181 ex
1389 2153 1441 2198 eo

122 2209 270 2249 patere
285 2224 299 2242 ‚
344 2199 452 2250 quod
471 2199 657 2238 Testator
674 2225 689 2245 ,
713 2201 808 2239 dum
829 2200 880 2240 de
892 2198 1177 2250 subrogatione
1192 2197 1277 2245 egit
1297 2220 1310 2239 ,
1327 2194 1442 2231 adhi-

122 2250 210 2289 buit
228 2250 449 2290 dit‘tionem
469 2251 651 2300 :sudem
666 2267 692 2293 =
713 2265 797 2304 quae
812 2252 1104 2292 restrictionem
1135 2251 1333 2295 importat
1349 2269 1363 2288 ,
1401 2244 1439 2283 Sc

121 2303 253 2343 solum
267 2302 316 2341 ad
332 2305 516 2350 personas
543 2304 722 2349 superius
753 2305 978 2344 nominatas
1005 2300 1151 2341 referri
1167 2299 1292 2336 debet
1317 2321 1333 2340 ‚
1362 2295 1441 2333 Fa-

116 2357 195 2404 sar.
221 2356 265 2392 de
267 2355 562 2405 substitut.quaest
581 2360 606 2393 6
613 2370 633 2403 7
636 2361 812 2404 9.71um.8.
831 2381 844 2402 ‚
862 2359 1066 2395 Roc.coram
1082 2353 1207 2391 Bichio
1223 2347 1431 2395 decis-²970

130 2419 226 2446 num.
249 2420 312 2445 υ.
826 2432 829 2435 .

73 2456 261 2504 Fortius,
288 2458 381 2506 quia
400 2456 628 2507 subrogatio
657 2471 767 2500 novas
784 2456 963 2498 Familiae
992 2454 1236 2495 demandata
1267 2451 1439 2509 nontuitt

121 2511 228 2549 toties
244 2513 378 2559 quoties
408 2510 544 2559 aliqua
562 2523 608 2549 ex
635 2510 804 2549 familiis
832 2511 912 2554 jam
939 2506 1160 2554 subrogatis
1193 2502 1402 2545 defeciffet
1421 2527 1434 2546 9

122 2563 188 2603 sed
207 2566 309 2600 toties
328 2564 458 2611 quoties
489 2561 664 2600 extincta
680 2560 815 2601 fuiil'et
830 2561 966 2608 aliqua
982 2570 1029 2596 ex
1047 2557 1217 2597 familiis
1251 2557 1432 2613 supe-rius

126 2616 176 2654 ab
190 2627 239 2653 eo
257 2612 475 2652 nominatis
490 2637 504 2656 ,
535 2613 641 2656 ultra
657 2625 777 2662 quem
790 2612 928 2650 casum,
951 2622 1062 2651 novae
1081 2609 1432 2663 subrogationi-lo·

128 2679 222 2704 cum
253 2679 329 2704 non
349 2664 425 2706 elie
457 2663 632 2703 afferunt
664 2664 799 2703 Baml,
813 2666 851 2699 in
869 2663 1099 2709 Legssz‘herisl
1111 2661 1149 2711 §.
1178 2663 1273 2699 Haec
1290 2666 1436 2697 verim.»

128 2722 167 2756 in
188 2718 258 2764 fin.
287 2719 331 2756 de
367 2716 514 2765 vulgar.
531 2740 545 2761 ‚
580 2720 623 2760 εἰς·
643 2713 961 2765 pnpzllar.substic.
981 2738 995 2760 ‚
1024 2713 1113 2756 Rot.
1134 2717 1336 2812 iamper?
1372 2713 1435 2746 sie*

1270 2777 1300 2801 ct
1322 2772 1431 2805 ‚1050
