1924 2955
506 78 876 126 v:.3.Artgassti1773.
1330 85 1392 118 161

101 132 324 179 reperiatur
341 160 350 170 .
386 132 537 169 putrer
562 132 776 176 expolitam
796 128 1007 167 charitatis
1025 132 1183 168 causam
1211 143 1301 179 erga
1323 131 1395 170 Pa-

95 194 230 221 rentes
250 210 260 227 ‚
281 185 315 222 3:
331 184 495 221 Sorores
515 210 525 223 ,
546 182 676 220 alserit
700 183 823 220 etiam
841 206 851 224 ‚
869 181 1115 227 Capellaniae
1137 183 1288 221 reditus
1316 195 1391 220 non

91 235 229 273 levem
247 235 401 274 subiilse
421 235 751 273 imminutionem
772 260 783 277 ‚
809 234 898 282 quia
915 235 1051 272 census
1072 248 1141 281 pro
1163 235 1274 273 illius
1295 235 1390 272 dote

89 285 276 324 destinati
293 314 304 331 ‚
319 288 395 325 etsi
416 287 515 324 olim
534 287 707 323 minum
741 285 956 324 redderent
973 286 1010 323 in
1031 287 1170 325 annuis
1191 287 1311 324 scutis
1329 288 1392 324 sex

92 350 183 376 cum
205 338 376 377 dimidio
397 353 465 386 pro
484 338 719 375 centenario
737 363 748 380 ‚
781 339 908 384 postea
929 345 1063 376 tamen
1082 340 1128 375 ad
1158 339 1268 375 scuta
1302 350 1396 387 qua-

88 391 355 429 'tuor-redasti
386 392 502 433 sunt,
533 389 753 438 additaque
783 390 955 427 aliorum
989 393 1182 428 bonorum
1216 392 1292 428 five
1323 390 1399 427 de-

92 444 321 491 perditione
339 469 351 487 ,
377 444 453 481 fine
484 444 532 479 ob
547 451 775 489 temporum
810 441 1070 479 calamitates
1103 442 1393 480 deterioratio-

92 506 144 532 ne
160 517 172 536 ‚
192 495 229 532 id
249 493 421 532 eveniffe
439 493 611 532 affirmat
632 518 643 537 ,
663 501 706 529 ut
726 493 879 530 reditus
899 495 1067 531 universi
1085 519 1095 537 ‚
1125 495 1190 543 qui
1210 494 1310 531 olim
1341 494 1391 531 ad

96 545 206 584 scuta
241 560 297 585 21.
328 547 609 595 pertingebant
626 571 638 589 ,
667 544 788 582 modo
827 557 874 583 ne
901 545 949 583 ad
984 547 1090 584 scuta
1137 546 1298 595 quidem
1334 559 1392 583 12.

97 597 311 637 ascendant
326 628 335 637 .

42 641 155 686 Huic
184 651 373 698 petitioni
392 663 467 689 non
486 651 614 688 tolum
644 649 903 688 consentiunt
933 649 1091 687 Fratres
1117 648 1166 688 de
1200 651 1398 689 Tambur·

95 701 192 740 rinis
214 701 404 747 Patroni,
438 703 502 741 sed
526 704 649 740 immo
665 702 978 739 translationem
1009 709 1202 748 exoptant
1218 727 1229 745 ‚
1262 703 1299 741 S<
1326 715 1397 750 pro

96 765 145 791 ea
174 754 431 802 supplicant,
465 763 508 792 ut
537 764 691 791 morem
722 761 862 800 gerant
896 752 1068 790 Oratori
1090 778 1102 796 ‚
1135 766 1254 802 quem
1281 754 1393 791 bonis

93 807 532 855 moribuspraeditum,
561 804 769 853 divinique
801 804 937 842 cultus
972 805 1181 843 accensum
1214 806 1329 849 zelo,
1360 807 1397 844 δε

94 857 135 895 in
164 858 290 896 Sacris
324 857 596 896 fun-&ionibus
625 855 818 893 obeundis
847 855 1071 894 sollicitum
1101 866 1352 905 agnoverunt
1380 883 1393 901 ‚

96 920 269 959 eumque
295 911 425 958 gratia
455 909 620 957 dignum
636 908 799 945 censent
826 932 838 951 ‚
869 916 912 946 ut
932 909 1099 947 honesta:
1120 911 1192 946 suae
1214 909 1393 947 Familiae

94 960 303 999 sublidium
318 960 460 1000 afferre
490 958 606 1008 poffit
623 987 632 997 .
653 958 693 996 In
712 959 749 997 id
772 968 910 998 autem
930 972 973 998 ex
1003 973 1052 999 eo
1082 961 1208 999 etiam
1227 960 1399 999 confen-

92 1021 171 1051 tire
203 1012 432 1057 affirmant,
461 1012 553 1063 quia
570 1011 721 1050 Orator
739 1012 918 1060 promisit
949 1012 1084 1051 Miffas
1114 1013 1319 1051 celebrare
1348 1011 1397 1049 ad

92 1065 239 1103 Altare
291 1065 592 1114 privilegiatam
622 1089 634 1108 ,
674 1063 700 1101 fi
743 1064 1031 1105 translationis
1082 1065 1255 1114 gratiam
1299 1063 1395 1103 affe-

102 1125 271 1167 quatur.

44 1170 197 1210 Verum
217 1169 381 1209 sodales
397 1168 758 1210 confraternitatis
777 1170 888 1208 SSmi
906 1171 1160 1210 Sacramenti
1181 1196 1193 1215 ,
1223 1171 1260 1210 St
1289 1169 1392 1208 Cru-

96 1223 153 1260 cis
173 1223 322 1261 acriter
337 1222 623 1262 contradicunt
639 1235 683 1260 ex
698 1235 747 1261 eo
764 1246 776 1265 ‚
805 1223 898 1272 quia
914 1223 1133 1262 translatio
1161 1223 1300 1272 aperte
1322 1222 1395 1259 ad-

97 1275 278 1313 versatur
292 1275 496 1314 voluntati
515 1274 738 1313 Testatoris
759 1299 771 1319 ‚
789 1275 856 1325 qui
877 1287 953 1314 non
968 1275 1063 1313 alibi
1083 1299 1095 1318 ,
1116 1286 1235 1326 quam
1254 1275 1301 1312 ad
1323 1273 1396 1311 Ai-

96 1334 184 1365 tare
203 1328 328 1371 majus
350 1327 530 1365 Ecclefiae
550 1326 741 1364 Sodalitii
759 1325 1122 1373 Miffas‚ce1ebrari
1149 1327 1361 1365 mandavit
1381 1351 1395 1369 ‚

100 1379 220 1427 idque
238 1379 386 1416 clarius
399 1376 612 1425 exposuisse
629 1387 773 1425 putant
791 1404 803 1422 ‚
821 1379 916 1416 dum
932 1378 1110 1423 ejusdem
1132 1379 1287 1416 Altaris
1308 1376 1393 1414 Ta-

100 1430 236 1467 bulam
258 1429 460 1477 descripsit
476 1452 488 1471 ‚
516 1429 604 1477 Jesu
636 1429 780 1466 Christi
798 1429 986 1467 Crucifixi
1008 1430 1225 1477 imaginem
1260 1429 1399 1476 praese-

100 1479 304 1519 ferentem
319 1508 329 1519 .
349 1481 440 1519 Non
461 1480 587 1528 igitur
605 1478 662 1518 fas
679 1478 754 1518 effe
788 1480 929 1518 dicunt
957 1481 1186 1518 voluntatis
1215 1491 1402 1517 commu-

100 1534 302 1571 tationem
321 1544 462 1581 urgere
479 1546 493 1571 ,-
511 1532 732 1577 praesertim
751 1532 842 1580 quia
883 1531 1037 1570 Orator
1064 1531 1113 1570 ad
1145 1529 1394 1579 Capellaniae

99 1582 373 1634 poffelfionem
391 1582 584 1622 immiffiis
596 1582 676 1621 fuit
691 1589 796 1629 [cum
813 1584 1031 1621 honoribus
1050 1606 1062 1625 ,
1097 1584 1133 1622 Sc
1152 1584 1320 1621 oneribus
1336 1581 1403 1628 so·

99 1637 177 1674 litis
194 1661 205 1680 ‚
237 1639 278 1679 &
293 1637 464 1685 consuetis
479 1659 492 1678 ‚
523 1647 693 1685 eamque
726 1636 802 1672 hoc
835 1635 951 1684 pasto
973 1635 1207 1683 acceptavit
1224 1660 1236 1680 ‚
1272 1635 1309 1673 δι’.
1328 1644 1398 1681 per

102 1700 226 1727 annos
242 1688 354 1736 supra
377 1701 436 1734 17.
453 1686 698 1735 adimplevit
711 1715 721 1725 .

49 1743 102 1783 Et
133 1740 317 1791 quamvis
348 1751 633 1789 nonnunquam
659 1739 744 1778 Sae.
777 1738 1053 1788 Congregatio
1082 1738 1396 1777 translationem

101 1790 339 1831 concefferit
352 1817 365 1837 ‚
383 1791 649 1830 nihilominus
665 1792 756 1829 raro
772 1791 988 1830 admodum
1009 1790 1238 1834 hujusmodi
1257 1801 1395 1827 exem-

100 1844 351 1894 plainveniri
367 1844 555 1883 sustinent
574 1869 587 1888 ‚
603 1845 640 1882 ὅ(
656 1842 775 1892 longe'
794 1844 907 1893 plura
925 1843 1127 1890 denegatae
1158 1842 1397 1880 translatio-

103 1897 162 1933 nis
179 1907 391 1934 occurrere
405 1921 417 1935 .
430 1894 521 1933 Non
537 1895 668 1934 solum
681 1895 790 1934 enim
805 1896 921 1942 justas
938 1895 1146 1945 requisitas
1170 1892 1284 1932 fuilse
1304 1906 1400 1931 con-

103 1946 275 1985 tendunt
291 1947 423 1985 causas
444 1972 456 1990 ‚
474 1948 538 1986 sed
555 1948 681 1987 etiam
700 1959 888 1996 urgenres
908 1971 921 1989 ‚
952 1948 989 1986 3<
1008 1959 1091 1996 quae
1112 1945 1394 1984 inevitabilem

103 1997 382 2038 neceffitatem
403 1999 697 2046 importarent,
727 2001 858 2038 Concil.
882 2001 1051 2036 Trident.
1069 1998 1162 2046 Seffi
1186 2011 1245 2036 22.
1264 2006 1337 2045 cap.
1356 2001 1395 2034 6.

103 2064 145 2088 cc
158 2048 251 2097 Seffi
274 2063 334 2094 25.
351 2061 468 2100 cap.5.
489 2052 533 2088 de
548 2052 705 2098 Reform.
725 2075 737 2095 ,
753 2061 875 2103 atque
893 2051 1046 2090 idcirco
1065 2051 1255 2095 veie—stam
1275 2045 1388 2086 fuiffe

104 2103 417 2142 translationem
437 2129 449 2148 ‚
479 2115 563 2152 quae
580 2105 709 2151 petita
724 2105 918 2144 extiterat
936 2129 948 2149 ‚
968 2112 1010 2141 ut
1028 2102 1202 2150 Populus
1218 2102 1398 2138 elemen-

105 2154 159 2190 tis
176 2154 286 2194 Fidei
303 2156 460 2195 uberius
480 2155 739 2196 instrueretur
754 2183 766 2202 ,
794 2157 925 2196 velut
955 2155 1233 2195 consuleretur
1251 2151 1398 2206 Κεξὶᾳ-

106 2205 169 2248 ri,
195 2207 534 2246 &Habitantibus
564 2234 576 2253 ,
607 2209 746 2257 quibus
774 2210 954 2258 hyberno
983 2217 1170 2253 tempore
1203 2201 1398 2242 difficilli-

105 2268 217 2294 mum
235 2268 318 2297 erat
336 2260 554 2299 EcclelIam
574 2260 683 2299 adire
703 2273 722 2299 a
752 2261 960 2301 Testatore
989 2259 1235 2305 designatam
1252 2280 1263 2298 ‚
1300 2265 1399 2302 que-

104 2309 368 2348 madmodum
390 2312 426 2350 in
443 2312 654 2352 Ariminen.
670 2315 959 2352 Commutationis
977 2312 1176 2349 voluntatis
1200 2319 1257 2352 14.
1284 2307 1394 2341 Mar-

104 2364 150 2399 11'1'
179 2385 192 2404 ς
225 2365 266 2404 &¹
297 2375 352 2403 13.
383 2363 492 2412 ‘Junii
519 2368 715 2410 1711.‚in
760 2366 918 2414 Casalen.
955 2361 1247 2400 commutationis
1266 2357 1395 2394 volun·

105 2417 190 2449 vatic
210 2427 272 2460 ²4·
290 2417 503 2463 Septembris
522 2423 633 2462 1718.
651 2443 664 2462 ,
684 2420 774 2462 &in
793 2420 1003 2455 Ariminen.
1024 2410 1285 2451 Translationis
1323 2410 1400 2446 Ca-

102 2465 268 2514 pellam'ae
298 2480 353 2511 ty.
388 2467 510 2514 Julii,
542 2473 584 2513 &⁴
615 2484 675 2507 20.
695 2470 904 2508 Decembris
935 2478 1047 2511 173²·
1072 2489 1083 2507 a
1113 2475 1154 2498 ‘¹⁶'
1190 2475 1247 2507 17·
1278 2463 1402 2510 AP⁷5⁴

106 2517 150 2555 lis
170 2525 212 2563 ¹7
224 2531 281 2565 24.
298 2517 348 2555 Et
363 2518 536 2570 denique
554 2522 591 2559 in
606 2524 823 2560 Auximum»
838 2518 1098 2557 Translationis
1115 2513 1309 2561 Miffizraem
1328 2527 1340 2550 1
1352 2523 1385 2556 5.

104 2571 299 2609 februarii
319 2572 404 2606 anni
432 2571 534 2620 elapst
552 2573 792 2624 denegatam
807 2567 921 2611 fuisse
955 2566 1266 2608 translationem
1297 2564 1401 2613 peti-

209 2622 432 2664 ron-,xm
918 2617 960 2661 X
1317 2625 1405 2656 tam
