1924 2955
479 134 555 168 206
986 132 1045 166 18.
1065 128 1277 165 Decembris
1298 129 1410 173 1773.

474 183 632 222 tualem
649 194 719 231 pro
732 180 877 226 majori
905 179 998 216 anni
1021 187 1139 224 parte
1173 179 1456 228 Dignitatibus
1486 174 1714 224 inju'nfium
1734 206 1745 225 ‚
1768 179 1806 219 Sc

473 245 548 283 pro
562 234 722 283 aliquot
743 232 953 271 ferialibus
970 229 1111 269 diebus
1139 229 1360 270 Canonicis
1395 231 1660 277 Praesbvteris
1680 262 1689 272 .
1725 233 1814 272 Ve-

476 290 563 326 rum
584 284 813 333 hujusmodi
828 281 1049 322 methodus
1076 283 1184 322 circa
1201 282 1321 322 finem
1343 284 1539 330 praetcriti
1562 284 1709 323 Saeculi
1730 286 1807 323 im-

474 347 634 378 mutata
661 337 844 377 asseritur
862 360 875 380 ‚
907 344 1032 383 atque
1051 335 1244 381 deinceps
1273 335 1516 384 praefinitum
1534 361 1548 381 ‚
1579 346 1624 375 ut
1655 336 1802 386 Digni-

474 400 583 431 tates
600 403 668 439 per
685 399 850 428 turnum
865 388 1026 436 singulis
1043 387 1184 427 diebus
1202 388 1252 427 de
1271 396 1475 436 praecepto
1495 414 1508 433 ‚
1528 390 1565 428 Sc
1582 389 1644 428 sex
1664 388 1799 427 Cano-

476 444 558 483 mci
582 469 595 489 ‚
615 445 759 482 statuta
780 441 948 490 quisque
974 440 1041 479 die
1062 453 1132 489 per
1165 440 1460 481 hebdomadam
1495 440 1653 480 Miliam
1685 453 1809 480 cane-

476 504 570 535 rent
585 496 658 534 ,At
672 492 864 544 quoniam
879 494 992 538 juxta
1013 495 1113 532 hanc
1132 492 1373 532 methodum
1391 506 1492 533 onus
1513 494 1689 532 canendi
1707 492 1806 530 Mis÷

475 550 558 588 sam
577 560 655 585 non
670 558 812 586 omnes
840 557 953 597 aeque
987 546 1167 584 subibant
1187 571 1197 588 ‚
1233 545 1390 584 idcirco
1428 547 1464 584 in
1499 545 1804 592 Capitularibus

474 600 672 640 Comitiis
691 598 817 638 annii
831 604 922 647 764.
938 597 1153 637 decretum
1173 596 1251 636 fuit
1272 621 1283 641 ‚
1302 607 1347 637 ut
1368 598 1509 648 linguli
1542 595 1806 647 Cap'itulares

477 653 518 691 in
534 651 813 691 Conventuali
834 651 957 690 Sacro
973 652 1157 690 canendo
1172 650 1471 690 hebdomadam
1490 661 1660 700 :egerent
1677 677 1688 690 .
1708 647 1808 687 Mis·-

478 708 516 747 sa
531 714 667 745 taman
686 703 986 742 Conventualis
1003 714 1209 752 nunquam
1230 715 1301 751 pro
1317 702 1653 743 Bencfasioribus
1676 703 1716 740 iu
1736 713 1810 751 gc-

477 771 575 798 nere
592 756 724 796 fuerat
753 755 957 805 applicata
988 768 1002 794 ‚·
1033 756 1138 805 quod
1171 755 1339 804 quidem
1372 757 1505 795 statim
1534 768 1580 795 ac
1609 755 1808 804 Episcopo

479 809 665 850 innotuit
683 834 695 853 ‚
713 822 789 847 non
821 808 980 846 destitit
997 816 1085 846 turn
1108 819 1177 854 per
1198 808 1426 856 synodales
1443 808 1773 848 constitutiones
1794 829 1809 849 .

478 873 567 903 tum
586 874 654 910 per
671 861 839 900 decreta
860 860 1153 900 visitationum
1174 860 1325 909 pluries
1346 860 1592 908 Capitulum
1611 870 1778 900 monere
1795 882 1809 903 ,

477 925 524 955 ut
545 915 657 953 illam
671 913 720 952 ad
739 912 915 951 formam
936 912 1206 951 Benedic‘iina¹
1232 912 1550 952 Constitutionis
1581 926 1652 962 pro
1680 913 1810 950 Bene-

476 967 695 1007 §acroribus
726 965 980 1013 applicaret.
1013 964 1196 1012 Episcopi
1229 965 1397 1004 monitis
1427 991 1440 1009 ‚
1468 967 1504 1005 δε
1524 962 1802 1012 gconscientiae

478 1019 652 1059 stimulis
672 1017 841 1057 excitati
861 1017 1137 1065 Capitiilares‚
1156 1029 1294 1065 preces
1312 1017 1505 1056 exhibent
1524 1041 1536 1061 ‚
1566 1018 1710 1066 quibus
1730 1028 1807 1064 po-

478 1073 628 1112 stulant
645 1096 658 1115 ‚
679 1079 723 1108 ut
742 1071 789 1108 ab
807 1071 881 1108 hoc
898 1081 1023 1108 onere
1040 1069 1306 1108 declarentur
1327 1070 1547 1115 immunes,
1568 1070 1631 1107 vel
1653 1069 1799 1108 saltem

480 1124 528 1165 ad
548 1125 652 1162 solos
670 1122 759 1161 dies
776 1121 894 1160 festos
912 1132 1155 1161 coerceatur
1176 1148 1187 1167 ‚
1219 1122 1255 1161 5<
1275 1123 1405 1174 quoad
1424 1121 1809 1172 pi·aetci·itiim21bs0·

480 1176 587 1217 lutio
606 1176 777 1224 benigne
795 1175 1058 1220 impertiatur
1083 1204 1091 1213 .

427 1229 575 1280 Qioad
606 1228 638 1267 1.
654 1226 1225 1276 allegantimmemorabilem
1257 1226 1597 1266 consuetudinem
1626 1239 1702 1264 non
1735 1236 1806 1272 ap-

478 1280 684 1333 plictrudi,
703 1292 875 1331 eamque
894 1281 1090 1319 resultare
1118 1278 1260 1318 dicunt
1277 1292 1321 1318 ex
1337 1278 1468 1318 Libris
1479 1291 1648 1318 onerum
1670 1276 1811 1316 Musa-

478 1347 569 1377 rum
585 1358 599 1378 ‚
619 1334 657 1373 in
674 1333 818 1382 quibus
835 1332 1063 1380 applicatio
1081 1343 1284 1380 nunquam
1311 1332 1508 1371 adnotata
1537 1329 1811 1379 deprehendi-

476 1396 547 1428 tur
561 1415 573 1425 .
594 1386 711 1425 Hanc
742 1393 883 1424 autem
912 1382 1255 1422 consuetudinem
1273 1384 1488 1423 consonam
1505 1382 1583 1423 effe
1601 1382 1778 1422 statutis
1795 1404 1812 1424 ‚

477 1440 517 1480 ὅς
532 1435 902 1476 Constitutionibus
918 1435 1222 1482 Capitularibus
1241 1459 1254 1478 ‚
1270 1447 1363 1474 cum
1384 1436 1421 1473 iu
1442 1434 1683 1473 fundatione
1713 1433 1810 1472 Col-

476 1491 644 1540 legiatae
670 1489 848 1532 iniuncta
865 1488 1031 1539 quidem
1059 1485 1184 1526 fuerit
1201 1488 1428 1526 celebratio
1457 1487 1584 1526 Miffae
1613 1487 1806 1525 Conven-

475 1543 604 1583 tualis
621 1568 634 1587 ,
652 1540 763 1580 nulla
780 1549 918 1580 tamen
934 1539 1041 1578 fasta
1060 1540 1271 1580 mentione
1287 1540 1337 1578 de
1357 1541 1468 1578 illius
1502 1539 1779 1589 applicatione
1793 1565 1804 1576 .

477 1595 617 1645 Qare
646 1593 754 1641 adigi
781 1605 860 1631 non
889 1592 992 1641 porse
1022 1600 1168 1640 putant
1198 1592 1248 1630 ad
1278 1591 1601 1629 satisfactionem
1637 1589 1774 1628 oneris
1795 1614 1810 1634 ,

478 1647 586 1699 quod
607 1658 646 1684 in
662 1643 903 1683 fundatione
920 1643 1164 1691 Collegiatae
1181 1642 1408 1688 injunctum
1434 1642 1610 1681 nonfuit
1627 1668 1639 1687 ‚
1658 1641 1812 1691 cap.su-

473 1710 539 1751 per
563 1696 777 1749 quibusdam
804 1698 850 1733 de
877 1698 976 1735 verb.
984 1696 1108 1745 fignis.
1125 1719 1139 1739 ,
1168 1697 1287 1733 Piton.
1318 1696 1466 1744 discept.
1497 1700 1523 1732 6
1528 1703 1559 1730 t.
1593 1707 1689 1733 num.
1713 1707 1775 1741 27,
1795 1719 1810 1739 ,

481 1755 524 1797 &⁴
545 1763 608 1798 29.

426 1804 470 1844 ln
489 1814 655 1843 omnem
669 1801 770 1841 vero
797 1800 932 1840 casum
951 1800 1180 1848 supplicant
1208 1800 1246 1838 in
1279 1799 1330 1838 ΙΙ.
1352 1800 1474 1838 dubio
1493 1825 1505 1844 ‚
1537 1806 1585 1838 nt
1615 1798 1720 1838 illud
1751 1797 1803 1837 ad

477 1857 585 1896 solos
598 1854 685 1893 dies
698 1851 816 1893 festos
833 1861 1075 1892 coerceatur
1090 1877 1103 1896 ,
1118 1864 1211 1891 cum
1227 1851 1530 1900 Capitularium
1567 1851 1800 1891 Praebeudae

477 1918 607 1948 annua
633 1907 746 1944 scuta
764 1917 827 1948 25.
847 1917 924 1943 non
941 1905 1208 1948 excedant‚ac
1223 1905 1426 1943 nonnulla:
1444 1904 1572 1943 etiam
1603 1905 1810 1942 minorem

477 1959 652 2000 reddant
670 1956 849 1995 frustum
866 1980 879 1999 ‚
897 1957 935 1996 Sc
951 1957 1043 1995 aliis
1061 1955 1271 1995 Miffarum
1291 1957 1483 1995 oneribus
1503 1966 1682 2005 gravatae
1703 1956 1778 1994 smt
1795 1983 1808 1994 .

476 2011 700 2053 Affirmant
717 2017 930 2056 praeterea,
951 2008 1069 2047 valde
1087 2009 1250 2058 exiguas
1285 2009 1361 2048 esse
1392 2008 1652 2060 quotidianas
1677 2008 1812 2046 distri-

477 2064 667 2104 butiones
686 2087 699 2106 ,
717 2072 812 2100 uam
829 2060 1022 2099 detractis
1040 2060 1360 2106 {Anniversariis
1377 2086 1390 2106 ,
1419 2061 1675 2112 aliarumque
1705 2059 1811 2097 Mis-

478 2117 610 2158 sarum
625 2112 905 2156 elaeemofinis‚
922 2113 987 2152 vix
1001 2113 1210 2160 supersunt
1228 2126 1356 2153 annua
1377 2113 1493 2152 scuta
1513 2118 1617 2157 188„
1637 2125 1723 2164 quae
1745 2120 1811 2150 ta-

478 2180 574 2208 men
604 2168 759 2206 summa
787 2165 896 2203 inter
922 2165 1233 2216 quatuordecim
1265 2166 1526 2215 Capitulares
1562 2163 1774 2212 partienda
1795 2189 1810 2208 ‚

481 2219 690 2268 saepiffime
706 2229 851 2266 magna
867 2229 914 2257 ex
929 2226 1045 2267 parte
1062 2220 1221 2267 erogari
1253 2219 1376 2259 debet
1408 2218 1447 2256 in
1467 2217 1808 2256 restaurationem

478 2272 655 2313 Fabricar
680 2270 866 2311 Ecclefiae
884 2295 900 2315 ‚
928 2271 996 2310 vel
1036 2271 1238 2310 sacrorum
1267 2270 1504 2311 utenfilium
1533 2269 1810 2320 comparatio-

479 2337 575 2365 nem
593 2350 607 2370 ,
626 2336 697 2372 pro
714 2323 860 2373 quibus
876 2322 980 2362 nulli
1011 2323 1242 2371 peculiares
1273 2325 1429 2363 reditus
1463 2325 1554 2361 sunt
1571 2321 1770 2362 *destinati
1797 2348 1809 2358 .

479 2378 560 2417 His
591 2388 690 2426 ergo
704 2375 1041 2416 concurrentibus
1069 2375 1384 2415 circumstantiis
1421 2374 1651 2415 reduffioni
1683 2373 1813 2412 indul-

482 2442 579 2478 gere
608 2426 860 2468 consuevisse
887 2429 1007 2474 aiunt
1036 2428 1122 2467 Sac.
1155 2428 1529 2478 Congregationem
1574 2427 1615 2465 in
1640 2426 1813 2467 Veliter-

482 2495 528 2518 710
551 2495 599 2530 ¹4
624 2482 762 2519 Martii
794 2493 909 2524 17²2.
943 2481 993 2518 ad
1020 2481 1086 2520 ΙΙΙ.
1117 2481 1217 2520 Dub.
1252 2507 1266 2525 ,
1294 2483 1336 2518 in
1365 2481 1567 2529 spoletana
1600 2492 1662 2521 23.
1703 2477 1805 2512 Maii

482 2530 645 2584 ejusdem
670 2537 787 2580 anni,
817 2534 861 2577 ὁ·
890 2546 929 2572 m
957 2534 1174 2573 Camerinen
1198 2533 1324 2582 Miffae
1365 2532 1626 2572 Conventualis
1652 2543 1690 2578 4.
1733 2528 1811 2577 Ju-

483 2586 537 2623 m'i
559 2589 674 2629 1760.

432 2635 654 2688 Episcopus
672 2640 932 2683 comprobata
948 2636 1047 2677 fasti
1067 2638 1170 2678 serie
1190 2631 1808 2684 refert,OratorumPraebendas

484 2688 633 2740 exiguo
652 2687 789 2728 reditu
807 2689 960 2730 ditatas
979 2690 1116 2737 effe,&
1133 2692 1315 2742 plurium
1334 2689 1539 2730 Miffarum
1568 2684 1813 2726 satisfactio-

1763 2748 1812 2776 re
