1924 2955
475 131 553 169 1⁸6
945 124 1226 174 1725eptembr1's
1247 137 1362 173 ²774·

452 176 738 227 adimplevisse
768 187 944 227 unquam
959 178 1219 216 conditiones
1247 190 1267 216 a
1298 176 1528 217 fundatore
1547 176 1737 224 'adiet‘ias
1766 213 1774 226 .

451 234 595 273 Refert
614 231 740 272 etiam
758 255 770 274 ‚
792 231 998 270 Moniales
1012 230 1049 269 S.
1074 229 1308 270 Felicitatis
1344 230 1444 269 nihil
1464 241 1508 268 ex
1531 228 1777 278 Capellaniae

450 285 650 326 reditibus
674 295 745 331 pro
762 284 884 322 sacris
905 282 1141 322 utensilibus
1160 284 1369 331 percipere
1386 308 1399 327 ‚
1429 294 1523 321 curn
1541 283 1627 331 ipsis
1649 290 1780 333 provi-

449 340 536 378 sum
556 336 682 376 fuerit
705 347 776 382 per
795 335 1109 386 assignationem
1125 333 1242 374 fundi
1256 349 1277 376 a
1293 334 1448 377 familia
1466 337 1649 384 Capponi
1668 349 1715 376 ea
1731 338 1781 376 dc-

452 392 570 430 causa
586 391 668 436 jam
689 387 842 427 fastam
860 418 871 429 .

401 443 604 493 Loquitur
620 440 770 481 deinde
786 441 838 481 de
855 439 1162 485 Anniversario‚
1179 441 1229 480 de
1246 453 1328 492 quo
1346 440 1386 479 in
1403 440 1667 480 instrumento
1683 439 1777 480 fun·

454 495 637 537 dationis.
652 493 904 543 Capellaniae
937 506 1007 543 per
1037 493 1265 540 separatam
1296 494 1535 539 scripturam
1561 493 1779 542 disponere

452 549 565 588 velle
588 547 796 588 Fundator
826 547 1131 591 declaraverat,
1147 547 1185 587 Sc
1202 548 1619 596 observat‚nunquam
1637 545 1686 585 de
1704 546 1779 584 illa

450 599 683 648 disposuisse
700 624 714 645 ‚
741 612 816 640 nec
834 600 966 640 ullum
988 600 1160 646 repe-riri
1192 608 1506 638 monumentum
1523 622 1535 641 ‚
1551 610 1596 636 ex
1618 610 1697 649 quo
1715 597 1777 637 as-

449 654 625 703 fignatio
655 653 865 694 scutorum
881 652 1027 692 decem
1042 652 1244 692 Societati
1279 651 1465 690 S.Mariae
1483 651 1531 690 ad
1552 650 1775 699 Templum

449 714 670 754 appare-at.
699 705 805 745 Cum
822 714 961 746 tamen
983 705 1022 744 in
1043 706 1290 745 testamento
1324 703 1459 743 eidem
1478 703 1678 742 Societati
1711 715 1777 742 re-

447 758 624 807 liquerit
644 758 756 798 seuta
772 769 862 802 300.
881 782 896 803 ‚
926 766 974 798 ut
990 769 1036 797 ex
1052 766 1168 805 parte
1185 757 1392 796 fruc‘tuum
1422 756 1505 794 duo
1519 754 1775 794 Anniversa-

454 811 516 851 ria
543 810 855 851 celebrarentur
885 837 899 856 ‚
928 810 1085 850 idcirco
1114 811 1268 850 censeri
1302 807 1406 857 poffe
1436 807 1540 851 dicit
1556 833 1570 852 ‚
1595 809 1774 847 eximere

452 864 534 903 hoc
550 861 674 901 modo
692 862 863 903 voluisse
882 862 1170 912 Capelianiam
1188 864 1236 902 ab
1250 874 1374 901 onere
1393 873 1533 900 annuae
1554 860 1780 907 praestatio-

448 915 514 953 nis
545 938 560 958 ‚
591 914 712 965 idque
757 925 804 955 ex
849 926 899 955 eo
943 915 1070 956 etiam
1096 915 1253 956 desumi
1285 938 1299 958 ‚
1328 913 1436 964 quod
1466 913 1649 952 Societas
1682 939 1695 959 ‚
1737 913 1778 952 &

445 966 659 1005 Moniales
675 966 732 1010 nil
751 966 976 1018 quidquam
1005 967 1264 1017 aCapellano
1281 977 1458 1016 unquam
1488 966 1738 1015 postularunt
1761 992 1773 1003 .

447 1017 675 1058 Concludit
692 1044 705 1064 ‚
724 1032 848 1059 onera
863 1020 1115 1069 Capellaniae
1145 1022 1261 1066 juxta
1280 1019 1637 1069 proportionatam
1663 1016 1773 1057 redi-

447 1079 569 1111 tuum
587 1073 870 1120 quantitatem
891 1071 981 1112 fore
996 1072 1230 1113 reducenda
1246 1102 1257 1113 .

393 1121 605 1173 Proecipue'
633 1126 706 1163 hac
725 1125 765 1163 in
788 1136 831 1166 re
848 1125 1263 1166 animadvertendum
1278 1124 1491 1168 occurrit,
1509 1135 1558 1162 an
1575 1124 1772 1167 tamum,

446 1176 514 1216 vel
532 1176 810 1225 demonstrativa
834 1178 948 1217 binas
963 1178 1236 1218 domunculas
1269 1176 1475 1216 Fundator
1495 1187 1567 1223 pro
1584 1177 1682 1214 dote
1695 1173 1773 1213 Ca-

442 1228 633 1278 pellaniae
649 1228 914 1276 assignaverit
931 1252 944 1272 ‚
976 1236 1023 1265 ut
1040 1226 1134 1266 inde
1151 1227 1369 1272 dijudicari
1402 1226 1521 1276 poslit
1537 1252 1550 1268 ,
1578 1239 1627 1265 an
1646 1229 1773 1265 haere-

440 1279 515 1320 des
546 1280 595 1319 ad
611 1279 942 1326 supplementum
958 1277 1068 1327 adigi
1084 1278 1260 1317 debeant
1277 1303 1290 1323 ‚
1322 1279 1389 1316 seu
1409 1279 1547 1327 potius
1577 1279 1626 1317 sit
1656 1278 1773 1318 locus

440 1330 671 1373 reduftioni
687 1334 701 1367 .‘
729 1328 944 1378 Perspet‘ta
961 1330 1056 1369 satis
1082 1331 1135 1370 est
1152 1331 1291 1380 regula
1307 1351 1321 1373 ‚
1342 1341 1464 1380 quam
1480 1329 1614 1371 tradit
1632 1332 1769 1370 sa:me:

436 1384 656 1425 nenedmus
675 1382 787 1422 XIV.
819 1384 865 1420 de
874 1381 1016 1432 Synod.
1037 1384 1193 1431 Dia-ces:
1213 1381 1305 1422 mm
1315 1395 1350 1425 3.
1370 1390 1446 1431 cap.
1464 1383 1535 1420 ult.
1554 1395 1654 1422 num.
1676 1396 1694 1420 2
1701 1395 1737 1426 3.
1753 1405 1771 1427 ‚

432 1445 481 1476 ut
499 1446 646 1484 nempe
662 1434 689 1474 fi
713 1433 923 1484 dispositio
943 1436 991 1475 ab
1006 1436 1143 1475 oneris
1163 1435 1424 1476 imoofitione
1452 1434 1707 1479 exordiatur,
1726 1435 1766 1475 δε

430 1487 582 1529 deinde
616 1486 666 1526 ad
683 1485 1000 1537 assignationem
1027 1487 1145 1530 fundi
1176 1488 1401 1528 descendat
1419 1512 1432 1532 ‚
1467 1495 1566 1527 tunc
1597 1495 1769 1527 tenean-
1802 1531 1805 1533 Α

427 1547 498 1581 tur
530 1539 710 1580 haeredes
729 1540 917 1589 supplere
933 1540 1044 1592 quod
1061 1540 1204 1581 deficit
1220 1555 1233 1581 ,-
1262 1541 1314 1580 fin
1335 1548 1478 1580 autem
1496 1552 1514 1578 a
1535 1539 1645 1579 dotis
1667 1551 1770 1580 con-

429 1593 647 1632 stitutione
677 1592 853 1640 incipiat
871 1618 886 1638 ‚
914 1594 952 1639 Sc
966 1593 1116 1634 deinde
1134 1593 1184 1633 ad
1202 1593 1341 1633 oneris
1359 1592 1678 1642 praefinitionem
1695 1593 1767 1632 de-

426 1644 573 1686 veniat
593 1671 606 1689 ‚
633 1653 731 1685 tunc
747 1647 933 1687 taxativa
951 1646 1117 1686 dicatur
1132 1645 1349 1696 assignatio
1367 1670 1381 1690 ‚
1398 1645 1437 1687 Sc
1453 1656 1625 1684 onerum
1645 1644 1766 1684 redu-

426 1698 512 1738 ἂίο
528 1699 729 1738 tribuitur
742 1727 753 1738 .
786 1699 905 1741 Serio
936 1699 1105 1748 proinde
1139 1697 1426 1749 perscrutanda
1453 1696 1643 1735 fundatio
1683 1698 1735 1736 est
1751 1718 1769 1738 ι

431 1762 521 1802 quae
539 1762 617 1789 non
635 1750 674 1790 in
690 1752 937 1793 testamento
954 1776 969 1796 ,
987 1751 1054 1793 sed
1077 1765 1148 1802 per
1163 1753 1300 1794 adium
1320 1751 1429 1794 inter
1444 1749 1562 1788 vivos
1580 1746 1684 1788 fasta
1703 1748 1773 1786 de-

429 1801 707 1853 prehenditur
720 1829 735 1850 ,
756 1805 820 1844 ubi
843 1805 1051 1846 Fundator
1071 1805 1334 1844 declaravit:
1353 1804 1622 1852 Lafipradetta
1637 1802 1718 1836 dote
1732 1800 1774 1836 di

422 1855 541 1904 feudi
554 1866 609 1903 44
613 1884 739 1896 .....
757 1861 792 1895 i·
805 1858 841 1895 la
853 1859 1118 1908 costituiscmed
1129 1858 1269 1906 affegno
1282 1856 1543 1904 nellapigzione
1559 1854 1599 1888 di
1616 1852 1686 1888 due
1703 1853 1773 1890 Ca·

423 1907 525 1955 sette
540 1933 552 1945 .
571 1935 581 1945 .
604 1935 614 1947 .
632 1920 704 1946 una
721 1909 817 1947 delle
830 1911 934 1958 quali
947 1916 967 1950 a?
983 1910 1177 1957 neIPopolo
1193 1911 1233 1946 di
1249 1905 1464 1945 S.Micbele
1480 1931 1490 1942 .
1511 1933 1521 1944 .
1550 1932 1560 1942 .
1579 1929 1592 1949 ‚
1611 1918 1629 1945 e
1644 1903 1774 1941 l’altra

431 1958 561 1995 dentro
575 1958 612 1993 la
629 1958 746 1994 Porta
756 1962 798 1994 di
812 1960 1256 2006 S-Niccolbſsmr’Arnos
1278 1959 1316 1996 Sc
1345 1966 1446 1995 onus
1464 1956 1768 1996 restaurationis

433 2007 674 2047 earumdem
692 2007 923 2046 Domorum
944 2007 1137 2055 imposuit
1154 2007 1422 2052 haereditati,
1452 2009 1612 2059 quando
1642 2009 1709 2048 vel
1729 2008 1770 2047 in

429 2067 590 2103 totum,
609 2058 675 2097 vel
692 2056 732 2096 in
750 2065 869 2105 parte
883 2058 935 2097 ob
946 2059 1117 2110 aliquod
1132 2058 1410 2101 infortunium
1430 2061 1740 2100 collaberentur
1754 2088 1767 2099 .

378 2111 528 2167 Qioad
544 2109 828 2151 redustionem
861 2119 978 2150 certa
992 2113 1132 2161 regula
1149 2112 1202 2150 est
1218 2136 1232 2156 ‚
1261 2112 1371 2162 quod
1403 2113 1485 2152 alia
1504 2113 1642 2161 potius
1659 2125 1762 2153 one·

428 2177 472 2203 ra
488 2187 503 2208 ‚
532 2174 655 2214 quam
670 2160 882 2202 Miffarum
900 2174 1091 2202 numerus
1128 2164 1321 2204 imminui
1340 2165 1518 2205 debeant
1535 2191 1548 2210 ,
1567 2165 1636 2203 nisi
1657 2164 1764 2203 Fun-

426 2215 584 2256 datoris
599 2216 793 2254 voluntas
820 2216 945 2256 aliter
961 2215 1128 2256 suadeat
1146 2242 1159 2261 ‚
1196 2226 1319 2261 prout
1334 2217 1521 2257 advertit
1541 2217 1754 2256 san.mern.

426 2267 673 2309 Benedictus
692 2265 808 2308 XIV.
838 2266 1007 2318 lot-‚sum
1024 2272 1127 2308 citat.
1143 2293 1158 2313 ‚
1191 2270 1227 2307 8<
1248 2269 1344 2313 liuic
1371 2270 1520 2320 regule
1534 2270 1570 2309 se
1585 2281 1607 2307 c
1626 2268 1756 2308 infor-

425 2323 559 2360 mavit
575 2320 798 2368 Episcopus
816 2319 1000 2371 Capponi
1017 2344 1031 2364 ‚
1056 2321 1154 2361 dum
1171 2332 1209 2358 m
1222 2319 1411 2361 indavit:
1443 2324 1515 2359 Che
1543 2325 1665 2370 prima
1681 2323 1765 2359 d’o-

425 2377 494 2423 gni
504 2374 602 2412 altra
614 2373 694 2421 cosa
713 2373 747 2422 fi
763 2374 932 2418 mederi,
969 2373 1028 2423 est
1042 2372 1118 2412 levi
1143 2372 1313 2422 l'obbligo
1340 2375 1616 2413 d'intervenire
1647 2388 1668 2411 a
1685 2376 1767 2414 Ve-

426 2426 528 2475 speri
545 2450 559 2471 ‚
574 2439 593 2463 e
610 2427 720 2475 nonfi
735 2426 774 2463 di
784 2427 1012 2475 minuiscttno
1027 2429 1098 2465 mai
1115 2425 1149 2463 le
1164 2425 1282 2473 Meffe
1299 2455 1310 2468 .
1340 2424 1422 2467 His
1442 2438 1542 2477 ergo
1558 2450 1571 2472 ‚
1593 2427 1767 2477 aliisque

436 2477 488 2516 ad
504 2490 591 2518 rem
612 2479 821 2526 perpensis
839 2479 1070 2519 decernent
1087 2477 1180 2517 Erni
1198 2476 1276 2517 ΡΡ.

385 2527 463 2582 'Aa
478 2552 495 2577 5
508 2533 551 2576 ὼ·
563 2532 797 2584 quomodofie
811 2529 909 2572 locus
924 2533 1129 2572 redufliom‘
1142 2542 1290 2569 onerum
1307 2557 1320 2580 ‚
1332 2535 1371 2572 in
1385 2532 1470 2584 caste
1486 2535 1562 2579 &c-

827 2637 1360 2696 FINIS.

1675 2737 1771 2784 ΙΝ,
