1924 2955
526 148 583 192 44
1000 154 1059 178 υ.
1079 140 1220 177 Martii
1251 148 1367 187 1774.'

530 195 658 242 ipsum
677 189 984 239 adimplendi‚id
1005 203 1027 229 a
1044 190 1207 230 fortiori
1224 192 1315 229 aliis
1331 193 1605 238 praescriutum
1631 191 1745 232 fuisse
1779 193 1844 232 di-

531 247 704 293 judicari
732 247 876 284 debeat
893 242 1019 280 Κοίλη
1032 241 1208 281 Firmana
1224 245 1442 282 Pecuniaria
1471 245 1727 293 20‹eruunr.l
1741 258 1836 289 712.

534 298 715 348 §.ultimo
731 309 848 335 coram
860 295 1104 333 Aldrovando
1123 324 1132 334 .
1155 294 1382 334 Praesertim
1397 321 1410 339 ‚
1428 295 1521 345 quia
1538 296 1727 335 Clericus
1749 297 1844 335 Phi-

531 352 666 399 lippus
682 348 877 386 diret‘tam
895 347 1036 386 habuit
1053 347 1352 394 vocatiouem„
1366 349 1518 400 reliqui
1533 357 1671 388 autem
1689 349 1755 386 vix
1774 361 1845 388 nu-

531 402 580 441 da
599 400 835 450 praelatione
852 397 1114 447 potiebantur
1130 428 1141 439 .

480 456 705 496 observant
723 451 882 497 insuper
896 474 911 494 ‚
939 450 1044 501 quod
1061 461 1146 491 tam
1164 452 1202 491 in
1220 453 1464 493 testamento
1480 478 1493 495 ‚
1516 465 1638 504 quam
1657 452 1696 491 in
1712 451 1837 498 poste-

524 505 698 546 rioribus
713 503 1057 543 declarationibus
1074 504 1231 553 semper
1257 505 1415 545 mentio
1432 507 1570 546 habita
1602 502 1729 544 fuerit
1757 503 1838 544 de„

527 557 811 599 Sacerdotibus
825 581 839 601 ‚
867 556 1003 606 eisque
1019 555 1313 596 demandatum
1327 581 1341 600 ‚
1375 567 1420 597 ut
1437 570 1559 598 onera
1591 570 1660 606 per
1676 557 1715 596 se
1736 556 1839 604 ipsos

526 611 786 660 indesignato
805 609 939 648 Altari
969 607 1245 655 adimplerent
1261 639 1271 648 .
1302 609 1506 650 Praecilius
1523 611 1624 650 vero
1655 608 1840 648 animad-

527 671 696 704 vertunt
713 662 968 701 declaratum
988 662 1036 699 ab
1053 661 1229 701 Ostavia
1247 659 1363 701 fuiffe
1380 688 1394 708 ,
1409 672 1453 702 ut
1465 661 1715 709 Capellaniae
1734 672 1833 699 cou-

526 715 627 756 ferri
654 715 851 754 deberent
879 713 1054 761 personis
1072 726 1232 753 morum
1250 713 1425 754 candore
1438 713 1694 764 fulgentibus
1711 739 1723 758 ‚
1754 724 1839 764 qua:

527 769 728 809 Divinum
752 766 914 806 cultum
947 767 986 803 in
1017 765 1195 805 Ecclefia
1227 766 1471 807 Sodalitatis
1501 774 1792 814 promoverent
1820 787 1837 809 2

525 822 703 871 ideoque
732 817 964 867 permiserit
996 842 1008 863 ,
1038 819 1155 865 utgad
1182 818 1441 866 Capelianias
1481 817 1682 858 nominari
1710 815 1840 866 posset

527 876 657 914 etiam
692 870 880 910 Clericus
908 893 922 912 ‚
949 869 1174 909 dummodo
1202 880 1342 910 tamen
1374 871 1425 909 ad
1456 870 1742 911 Sacerdotium
1769 869 1838 908 sub

526 937 648 975 poena
663 922 911 964 eaducitatis
927 921 1165 961 ascenderet
1180 947 1193 966 ‚
1213 921 1331 972 eique
1347 923 1477 962 solum
1508 923 1707 962 tribuerit
1737 932 1838 960 oue-

525 979 635 1018 ribus
651 989 721 1027 per
736 975 864 1014 alium
895 973 1129 1013 satisfacere
1149 974 1254 1020 poffe
1271 999 1285 1019 ‚
1315 975 1524 1025 quousque
1544 976 1593 1014 ad
1609 973 1844 1023 legitimam

524 1039 692 1069 aetatem
722 1026 994 1077 pervenisset.
1024 1026 1078 1064 Ex
1100 1029 1332 1067 hocautem
1361 1039 1513 1065 novum
1549 1038 1747 1075 exurgere
1768 1037 1841 1074 pu-

521 1090 618 1122 tant
631 1087 918 1131 argumentum
936 1103 950 1120 φ
979 1079 1087 1128 quod
1117 1080 1283 1121 suadeat
1312 1078 1573 1125 Capellauias
1593 1075 1670 1117 else
1701 1076 1839 1116 Sacer-

523 1134 688 1174 dotales
707 1156 719 1176 ‚
751 1132 789 1171 ὃ(
806 1142 908 1169 onus
922 1129 1157 1178 Capelianis
1188 1132 1420 1179 impositum
1440 1131 1564 1178 perse
1583 1131 1689 1177 ipsos
1707 1129 1840 1169 adim·

523 1186 667 1237 ‚plendi
685 1213 694 1222 .
725 1182 875 1232 Neque
889 1183 1010 1227 objici
1032 1180 1135 1230 posse
1153 1207 1166 1224 ‚
1196 1182 1303 1231 quod
1321 1180 1434 1220 aliud
1453 1181 1499 1220 fit
1530 1181 1747 1228 disponere
1780 1179 1841 1228 iu-

527 1247 640 1278 tuitu
661 1234 956 1282 conjunctionis
974 1233 1175 1282 sanguinis
1193 1258 1205 1276 ,
1233 1233 1345 1272 aliud
1363 1235 1463 1271 vero
1496 1233 1744 1272 meritorum
1778 1231 1839 1270 in-

526 1291 637 1330 tuitu
656 1314 669 1333 ‚
700 1289 738 1328 „Q
755 1288 846 1326 ideo
876 1286 1063 1333 dispofita
1094 1286 1131 1323 in
1154 1298 1232 1331 uno
1249 1286 1340 1324 casu
1360 1284 1411 1323 ad
1427 1285 1556 1325 alium
1584 1286 1691 1324 trahi
1716 1296 1834 1322 non-³

526 1342 700 1392 poffint.
731 1339 942 1389 Siquidem
971 1337 1277 1383 ponderandum
1296 1346 1553 1384 proponunt,
1580 1338 1686 1386 quod
1715 1337 1843 1374 etiam

525 1394 716 1434 Clericus
734 1389 974 1438 Pampinoni
1007 1389 1151 1427 iisdem
1168 1389 1325 1439 legibus
1343 1389 1542 1436 subjeetus
1559 1386 1636 1427 fuit
1652 1402 1671 1426 a
1690 1387 1842 1437 Joanue

524 1446 727 1496 Baptista,
753 1444 792 1483 Sc
827 1441 1006 1482 Ostavia
1034 1440 1169 1486 Ferri,
1200 1441 1487 1492 quia:2scilicet
1517 1441 1726 1490 persoeffl
1756 1439 1842 1487 ipfis

530 1508 618 1540 erat
635 1495 855 1537 Testatoris
872 1494 1062 1533 voluutas
1076 1494 1207 1543 quoad
1225 1507 1367 1533 omnes
1385 1507 1399 1534 3
1429 1496 1467 1535 &
1482 1494 1597 1533 ficuti
1618 1493 1722 1532 iniis
1757 1505 1842 1543 quae

528 1551 728 1593 Divinum
747 1549 905 1590 cultum
923 1546 1143 1593 respiciunt
1174 1546 1308 1595 potior
1337 1547 1443 1585 ratio
1462 1546 1598 1585 habe-i
1614 1546 1736 1585 debet
1759 1545 1843 1595 de„-

526 1603 723 1646 meritis,
749 1612 868 1651 quam
897 1598 946 1637 de
979 1597 1178 1645 sanguinis
1208 1599 1493 1644 coniunStione
1511 1622 1525 1641 ‚
1559 1598 1714 1637 idcirco
1741 1595 1845 1636 infe-

525 1663 654 1700 runt,
685 1650 1031 1704 quodfiClericos
1061 1649 1220 1689 meritis
1250 1651 1456 1698 pollentes
1485 1650 1627 1691 eidem
1655 1649 1734 1698 legi
1754 1649 1842 1687 sub-

525 1706 630 1755 jecit
649 1730 663 1749 ‚
682 1703 919 1751 eodemque
951 1714 1076 1742 onere
1091 1702 1279 1751 gravavit
1304 1729 1318 1748 ‚
1352 1703 1490 1742 multo
1507 1703 1632 1752 magis
1652 1701 1690 1740 id
1712 1701 1840 1751 ipsum

526 1761 578 1800 de
593 1758 685 1799 aliis
704 1755 994 1797 demandatum
1011 1753 1124 1794 fuiffe
1153 1754 1372 1801 dijudicari
1388 1756 1534 1795 debeat
1550 1784 1560 1794 .

483 1812 673 1861 Denique
685 1808 1018 1849 animadvertunt
1035 1806 1290 1848 Testatorem
1305 1808 1572 1856 iwrael‘cripsiile
1588 1833 1600 1853 ‚
1634 1815 1676 1846 ut
1700 1807 1840 1847 Eccle-

522 1866 590 1904 fiae
608 1861 848 1902 inservirent
878 1859 1119 1898 Sacerdotes
1150 1859 1394 1908 collegialiter
1424 1859 1613 1899 viventes
1637 1886 1648 1905 ,
1681 1859 1746 1898 sed
1775 1863 1840 1899 ab·

527 1916 694 1955 surdum
712 1912 799 1951 fore
823 1913 966 1951 dicunt
985 1936 998 1956 ‚
1026 1912 1052 1948 fi
1071 1912 1299 1956 hujusmodi
1317 1911 1552 1961 Collegium
1583 1923 1630 1963 ex
1646 1912 1842 1952 Sacerdo-

517 1964 966 2007 1ibuse0nstitueretur
987 1988 997 2006 ,
1027 1966 1222 2011 atquctex
1240 1963 1417 2004 Clericis
1435 1989 1448 2008 ‚
1477 1966 1545 2015 qui
1579 1965 1735 2014 semper
1763 1965 1835 2004 in)

526 2018 738 2058 Clericatu
756 2021 967 2053 manerent
992 2043 1001 2052 .
1031 2014 1232 2054 Sustinent
1251 2015 1487 2066 Collegium
1506 2016 1681 2057 eundem
1698 2017 1838 2062 finem,

526 2070 757 2119 eademque
790 2078 914 2106 ouer—a
941 2068 1086 2105 habere
1115 2091 1127 2110 ‚
1166 2068 1203 2106 St
1235 2069 1463 2118 quamlibet
1511 2071 1836 2120 inaequalitatem

531 2124 718 2173 respuere
732 2118 818 2158 Rot.
838 2121 876 2157 in
890 2121 1058 2157 Cervien.
1075 2120 1253 2166 Beneficii
1269 2124 1562 2174 202.Movet’abris
1581 2136 1594 2160 1
1606 2135 1695 2168 713.
1710 2124 1837 2172 §.Q

528 2188 615 2214 vero
631 2185 749 2211 cor-am
763 2174 890 2210 Scotto
908 2199 918 2210 .
953 2169 1178 2210 Praesertim
1209 2174 1302 2223 quia
1320 2184 1420 2212 onus
1453 2175 1675 2226 unicuique
1706 2176 1839 2225 impo-

522 2230 650 2267 *fitum
679 2224 830 2274 legitur
847 2220 958 2263 Fidei
977 2223 1208 2264 rudimenta
1226 2230 1251 2270 ,Ξ
1268 2227 1307 2266 Sc
1334 2226 1475 2265 literas
1494 2225 1645 2266 Pueros
1662 2227 1838 2267 edocen-

529 2280 598 2325 di,
625 2290 697 2327 pro
712 2277 854 2328 quibus
867 2285 962 2315 aetas
979 2275 1030 2313 ad
1050 2275 1336 2317 Sacerdotium
1357 2279 1586 2328 requiritur
1619 2280 1740 2319 Piton.
1755 2283 1833 2320 dm

530 2333 727 2382 Jurepatr.
748 2328 924 2377 allegam
953 2341 1048 2367 mem.
1072 2342 1130 2371 15.
1164 2332 1279 2373 &18.
1297 2359 1306 2370 .
1337 2330 1508 2370 Addunt
1537 2341 1623 2370 tam
1654 2333 1691 2372 in
1722 2333 1840 2371 testa-

528 2392 703 2426 mento,
734 2392 855 2431 quam
885 2380 925 2419 in
947 2380 1290 2422 declarationibus
1323 2395 1368 2422 ea
1398 2383 1579 2432 usurpari
1613 2385 1834 2427 vocabula,

530 2449 614 2486 qux
628 2446 723 2473 cum
741 2432 978 2472 Sacerdotio
991 2434 1204 2478 conjumsra
1222 2437 1309 2474 sunt
1324 2460 1337 2480 ‚
1364 2437 1413 2474 ab
1431 2448 1577 2486 eoque.
1591 2435 1826 2484 inseparabi-

525 2489 583 2527 lia
600 2513 614 2534 ‚
641 2484 788 2527 &ideo
806 2485 1065 2532 Capellanias
1084 2509 1097 2529 ,
1124 2486 1174 2524 de
1190 2489 1332 2538 quibus
1348 2487 1482 2536 agitur
1503 2512 1516 2532 ,
1544 2487 1828 2531 Sacerdotales

528 2539 774 2583 dijudicatas
803 2535 915 2576 fuisse
946 2537 995 2575 ab
1012 2536 1112 2576 Etim
1130 2538 1450 2589 Archiepiscopo
1467 2564 1480 2584 ‚
1495 2541 1610 2586 cuius
1633 2538 1832 2586 judicium

519 2590 752 2640 plurimum
769 2588 929 2628 attendi
944 2598 1168 2630 mereatur.

474 2641 660 2688 Breviter
676 2642 714 2679 se
727 2640 946 2691 expediunt
962 2640 1155 2681 Sodalitii
1170 2643 1412 2684 Defensores
1429 2655 1451 2682 a
1470 2641 1546 2683 111.
1559 2641 1693 2681 Dubio
1708 2665 1722 2686 ‚
1740 2640 1829 2680 ani-

525 2692 830 2736 madvertentes
853 2695 993 2742 aperte
1019 2694 1068 2734 ab
1088 2694 1266 2736 octavia
1300 2695 1503 2736 adiectam
1530 2692 1645 2735 fuiffe
1672 2704 1826 2745 paeuam

1777 2756 1845 2786 ca-
