1924 2955
487 123 545 158 18.
563 117 779 167 Septembris
802 127 912 163 ¹77³-
1341 128 1410 163 ¹77

99 177 261 216 tempus·
275 168 563 218 extinguendi5
587 180 708 219 atque
728 169 884 206 idcirco
904 168 1170 219 incongruum
1187 167 1348 211 videri,
1368 176 1413 205 ut

101 223 183 272 post
222 222 420 261 exhibitas
449 224 582 268 plnres
611 220 872 261 liberalitatis
913 219 1224 269 significationes
1262 221 1310 259 ad
1341 232 1413 257 [ιο-υ

103 285 198 312 vum
239 273 356 312 Taxae
403 285 620 323 gravamen
674 274 788 321 supra
825 274 932 311 vires
963 282 1009 311 ex
1046 271 1284 313 neceffitate
1328 271 1415 310 adi-

103 334 276 374 gantur.

56 375 283 415 Gravamen
301 389 400 416 vero
419 375 537 416 Taxae
567 376 661 416 satis
693 376 891 415 resultare·
905 375 1105 414 affirmant
1136 387 1181 414 ex
1212 375 1413 415 relatione

101 429 315 476 Episcopi,
345 427 413 477 qui
444 431 610 470 testatur
629 453 642 473 ‚
659 428 831 476 impares
851 428 1020 466 omnino
1055 427 1135 466 effe·
1157 426 1415 476 Capitulares

105 480 154 519 ad
170 480 270 523 illud
299 480 546 520 subeundum
566 505 577 525 ‚
608 487 697 519 tum
727 480 819 529 quia
848 479 1065 530 unicuique
1095 488 1211 518 curta
1239 479 1416 527 supellex

109 534 162 572 est
177 555 190 575 ‚
218 539 305 570 tum
323 531 448 569 etiarn
467 544 557 583 quia
577 532 766 571 detrar‘ris
795 532 984 569 oneribus
1003 557 1016 575 ‚
1049 530 1114 570 vix
1134 532 1340 579 supersunt
1360 541 1419 567 re·-

113 584 221 622 ditus
239 594 311 630 pro
334 582 457 622 Cho-ri
474 608 488 627 ‚
506 586 543 624 Sc
558 583 738 623 Ecclefiae
753 582 920 622 servitio
933 597 946 623 ‚·
976 582 1164 633 qu-uelde
1180 583 1274 621 aliis
1293 581 1421 622 etiam

112 635 358 684 simplicibus
387 635 598 675 Beneficiis
628 635 882 674 sentiendum
901 659 914 676 ‚
930 646 1102 684 quorum
1120 634 1275 674 reditus
1293 660 1305 679 ‚
1335 646 1418 671 ne„-

113 687 162 727 ad
207 698 427 735 congruam
471 687 635 739 quidem
677 686 914 726 Beneficiati
968 687 1300 726 sustentationem
1338 683 1421 722 sus-

112 739 255 778 ficiunt
271 768 281 777 .

61 791 203 842 Atque
232 793 313 828 haec
329 791 492 840 quidem
520 804 596 830 non
612 787 743 828 solum
761 788 1088 827 moderationem
1102 814 1115 832 ‚
1132 787 1199 826 sed
1213 787 1420 826 omnimo-

112 845 204 881 dam
223 855 244 880 a
262 842 370 881 Taxa
400 842 702 891 exemptionem
734 839 897 879 suadere
916 865 928 884 ‚
960 852 1053 878 cum
1073 852 1193 879 nemo
1212 851 1257 877 ex
1295 839 1423 878 Bene-

113 893 258 933 ficia'tis
286 895 543 932 contribuere
561 906 631 942 pro
649 891 758 930 Taxa
785 899 976 931 teneatur
996 917 1008 936 ‚
1034 892 1106 930 nist
1141 903 1187 930 ex
1205 891 1421 934 reditibus,

112 947 177 994 qui
192 956 239 982 ex
259 957 432 993 congrua
453 945 509 982 sui
527 944 836 984 manutentione
867 944 1072 990 supersunt
1090 972 1099 982 .
1134 945 1217 992 Cap.
1238 946 1282 981 de
1294 945 1348 981 his
1382 956 1421 990 4.

114 998 158 1033 de
176 995 309 1044 Eccles.
325 997 502 1043 aea'aefi'can.
521 1022 532 1041 ,
564 998 788 1035 Lambertin.
808 996 853 1031 de
866 995 1101 1045 Jurepatron.
1120 996 1183 1033 lib.
1190 1008 1227 1036 3.
1260 995 1419 1044 quaest.6.

110 1060 251 1091 numa.
278 1048 418 1087 Multo
436 1049 576 1098 itaque
595 1047 721 1096 magis
749 1046 1047 1086 admittendam
1081 1046 1311 1085 existimant
1339 1044 1423 1084 Ta-

112 1111 164 1138 xa:
195 1100 523 1139 moderationem
538 1125 551 1144 ,
584 1102 621 1140 ὃς
641 1100 865 1146 expetitam
881 1111 950 1147 per
970 1098 1083 1138 aliud
1099 1098 1342 1138 decennium
1358 1097 1422 1143 di-

112 1151 328 1195 lationem,
346 1153 459 1198 cujus
474 1165 551 1201 ope
571 1176 585 1196 ‚
601 1153 638 1191 Sc
654 1150 826 1189 Fabricae
846 1151 1027 1191 Ecclesia:
1045 1176 1057 1196 ‚
1072 1150 1296 1199 &propriis
1315 1149 1422 1188 indi·

112 1203 263 1254 gentiis
282 1204 363 1243 sine
374 1204 488 1253 gravi
506 1203 767 1243 incommodo
785 1215 999 1243 occurrere
1018 1204 1184 1242 valeant
1200 1231 1210 1241 .

62 1254 280 1305 Episcopus
299 1281 312 1300 ,
340 1256 406 1305 qui
422 1257 559 1305 omnia
575 1254 788 1295 confirmat
802 1278 816 1298 ‚
844 1255 1070 1296 Oratorum
1099 1254 1283 1304 precibus
1300 1254 1424 1293 assen-

113 1305 302 1355 tiripoffe
319 1316 471 1356 putat,
501 1317 547 1346 ut
575 1320 622 1347 ex
651 1309 738 1352 ejus
767 1307 996 1349 relatione,
1024 1319 1109 1356 quoe
1141 1306 1247 1345 inter
1279 1318 1425 1345 monu-

115 1367 258 1398 menta
271 1358 407 1396 Causae
425 1360 682 1398 recensetur:
709 1358 850 1408 Quare
868 1360 924 1397 nil
941 1359 1052 1396 aliud
1071 1359 1245 1407 superest
1263 1383 1275 1403 ‚
1291 1360 1362 1397 nisi
1379 1367 1425 1397 ut

116 1408 300 1448 BENV.
317 1409 542 1448 decernant

66 1462 139 1500 An
156 1463 206 1509 stt
239 1461 333 1498 locus
349 1463 596 1509 adprobationi
620 1463 873 1499 moderationis
893 1463 1002 1501 Taxae
1011 1462 1120 1508 saffae
1133 1463 1175 1498 ab
1189 1459 1355 1511 Epffcopo
1387 1466 1426 1499 in

170 1514 288 1550 Sacra
304 1514 350 1550 V
345 1513 518 1560 ifitatione
535 1538 551 1557 ,
582 1517 620 1550 in
637 1514 719 1562 casu
734 1516 810 1556 &ca

168 1614 465 1654 OMACLEN.
495 1616 618 1654 Anno
638 1621 753 1664 1691.
774 1615 838 1664 pia
860 1615 1013 1654 Mulier
1031 1615 1161 1655 Maria
1181 1616 1332 1655 Solaini
1348 1618 1424 1657 Be·-

177 1666 366 1706 neficium
380 1691 394 1709 ‚
423 1667 490 1705 seu
519 1666 802 1715 Capelianiam
822 1666 994 1717 instituit
1012 1668 1060 1706 ad
1080 1669 1223 1707 Altare
1238 1669 1325 1707 divi
1340 1671 1426 1708 An·

116 1717 222 1757 tonii
245 1717 434 1757 Patavini
467 1718 507 1756 in
531 1719 705 1757 Ecclesia
721 1717 907 1767 Suffragii
939 1718 1141 1758 Oivitatis
1168 1719 1424 1766 Comaclen.,

121 1771 159 1809 δε
185 1769 413 1819 Capellano-
440 1781 540 1809 onus
560 1770 753 1818 imposuit
773 1771 1004 1810 celebrandi
1020 1772 1303 1820 persbnalmente
1320 1773 1421 1811 nella

121 1824 221 1859 detta
249 1823 376 1871 Chiefiz
394 1851 403 1861 .
420 1846 433 1857 .
447 1849 456 1860 .
475 1850 483 1860 .
513 1821 629 1870 Meffe
645 1826 774 1873 cinqtte
799 1832 864 1870 per
880 1827 959 1871 ogni
982 1824 1183 1870 settiratma
1197 1848 1210 1867 ‚
1243 1837 1422 1874 eumque

121 1886 143 1912 a
159 1874 436 1913 celebratione
451 1885 521 1921 per
536 1873 575 1912 se
594 1874 721 1922 ipsum
737 1874 997 1920 adimplenda
1013 1876 1168 1914 exemit
1186 1885 1424 1925 tantumpes.⁴

120 1934 179 1960 tre
204 1926 283 1972 mest
308 1927 347 1961 di
373 1925 695 1972 cidfihedun-’anuo
712 1953 723 1971 ,
752 1940 813 1964 con
841 1928 904 1964 che
942 1929 1025 1974 pera
1045 1927 1171 1973 faccia.
1199 1931 1421 1977 adempirm

114 1984 180 2024 per
195 1976 286 2012 altro
317 1978 541 2015 Sacerdote.
575 1978 639 2017 Ad
672 1978 901 2024 hujusmodi
938 1976 1217 2026 Capellaniam
1251 1982 1424 2029 ipsamet

122 2026 340 2065 Fundatrix
369 2028 496 2075 prima
526 2029 615 2069 vice
643 2030 871 2069 nominavit
889 2028 1099 2072 Clericum
1117 2031 1330 2081 Iosephum
1351 2033 1424 2071 So-

123 2078 221 2116 laini
248 2079 429 2118 Fratrem
462 2104 475 2124 ,
502 2081 567 2117 cui
600 2090 737 2122 tamen.
779 2093 879 2120 onus
926 2084 1216 2123 tantummodo
1247 2093 1421 2133 quatuor

122 2127 328 2168 missarum
348 2131 524 2176 injunxit
542 2156 555 2175 ‚
585 2133 726 2184 easque
755 2147 824 2182 per
850 2133 977 2172 alium
1001 2136 1197 2174 celebrari
1214 2134 1317 2185 posse
1336 2145 1424 2180 per-

123 2181 228 2219 misit
246 2206 258 2226 ,
287 2194 365 2232 quo
391 2184 513 2232 usque
540 2183 589 2222 ad
609 2185 894 2227 Sacerdotium>
918 2185 1184 2231 ascendisset,
1212 2188 1276 2225 vel
1293 2196 1419 2235 quan·

126 2231 178 2269 do
194 2257 206 2276 ‚
236 2234 289 2270 ob
312 2235 521 2273 adversam
547 2236 854 2282 valetudinem,
882 2246 954 2277 aut
983 2239 1066 2278 alia
1095 2239 1234 2287 quavis
1249 2238 1300 2277 de
1316 2248 1413 2276 cau-

126 2284 166 2321 sa
181 2295 201 2320 a
215 2283 399 2324 Civitate
418 2287 542 2326 abeffe
562 2297 777 2336 cogeretur
797 2318 806 2328 .

71 2339 338 2391 patronatum
367 2338 499 2375 aetivu
509 2350 545 2376 m
563 2337 694 2387 primo
711 2341 878 2390 reliquit
896 2340 1215 2381 eidem-Clerico-
1231 2337 1418 2387 losepho,

123 2386 350 2443 deindeque
366 2388 550 2427 omnibus
566 2391 903 2431 descendentibus
919 2404 939 2429 a
961 2392 1132 2432 Familia
1153 2390 1307 2428 Solaini
1326 2415 1338 2434 ‚
1353 2399 1415 2429 at-

123 2450 198 2488 que
231 2451 268 2475 in
288 2439 452 2477 istorum
465 2441 626 2480 defestu
643 2443 884 2491 Capitulum
911 2442 1171 2482 Catnedralis
1191 2442 1412 2487 substituit,

123 2489 417 2545 mandavitque
435 2490 644 2537 Patronis»,
675 2504 720 2533 ut
741 2495 905 2544 quoties
934 2494 1211 2542 Cappellaniae
1241 2494 1420 2532 vacatio

117 2549 379 2590 contingeret
397 2542 431 2590 st
454 2545 564 2580 debha
576 2550 756 2584 nominare
780 2560 827 2584 un
845 2545 954 2581 prece
979 2569 991 2588 ‚
1016 2547 1078 2582 che
1092 2558 1159 2582 non
1181 2545 1237 2592 fia
1248 2546 1418 2594 provilla,

116 2595 156 2630 di
186 2594 277 2630 altro
302 2592 505 2638 Beneficio,
533 2609 587 2631 ma
605 2598 659 2644 fia
679 2599 968 2646 semplicememe
982 2599 1182 2636 Sacerdote
1197 2621 1215 2642 2,
1241 2610 1259 2634 e
1287 2600 1350 2638 che.
1360 2598 1417 2646 fia

116 2646 256 2694 sempre
271 2645 301 2681 il
325 2647 391 2693 pir>
413 2655 540 2692 pavero
559 2672 570 2684 .

230 2696 451 2737 Tom.XL11.
882 2696 913 2737 Z
1277 2700 1422 2746 Hujus-

1464 1609 1569 1658 Sess-
1580 1620 1721 1660 24.cap.
1733 1625 1797 1660 η,

1466 1667 1511 1701 de
1521 1663 1700 1709 Reform.
