<?xml version="1.0" encoding="UTF-8"?>
<!DOCTYPE html PUBLIC "-//W3C//DTD XHTML 1.0 Transitional//EN"
    "http://www.w3.org/TR/xhtml1/DTD/xhtml1-transitional.dtd">
<html xmlns="http://www.w3.org/1999/xhtml" xml:lang="en" lang="en">
 <head>
  <title>
</title>
<meta http-equiv="Content-Type" content="text/html;charset=utf-8" />
  <meta name='ocr-system' content='tesseract 3.04.00' />
  <meta name='ocr-capabilities' content='ocr_page ocr_carea ocr_par ocr_line ocrx_word'/>
</head>
<body>
  <div class='ocr_page' id='page_1' title='image "./thesaurusresolut42cath_0208.png"; bbox 0 0 1924 2955; ppageno 0'>
   <div class='ocr_carea' id='block_1_1' title="bbox 448 168 1867 2727">
    <p class='ocr_par' dir='ltr' id='par_1_1' title="bbox 501 168 1816 323">
     <span class='ocr_line' id='line_1_1' title="bbox 508 168 1426 221; baseline 0 -12"><span class='ocrx_word' id='word_1_1' title='bbox 508 188 522 213; x_wconf 71' lang='grc' dir='ltr'><strong><em>ι</em></strong></span> <span class='ocrx_word' id='word_1_2' title='bbox 528 176 581 221; x_wconf 84' lang='lat'>96</span> <span class='ocrx_word' id='word_1_3' title='bbox 993 171 1057 207; x_wconf 64' lang='grc' dir='ltr'>ιι.</span> <span class='ocrx_word' id='word_1_4' title='bbox 1075 168 1292 208; x_wconf 71' lang='lat' dir='ltr'>Decembris</span> <span class='ocrx_word' id='word_1_5' title='bbox 1313 181 1426 217; x_wconf 73' lang='lat'>¹77³-</span> 
     </span>
     <span class='ocr_line' id='line_1_2' title="bbox 501 218 1816 276; baseline -0.001 -13"><span class='ocrx_word' id='word_1_6' title='bbox 501 223 708 265; x_wconf 77' lang='lat' dir='ltr'>cationern</span> <span class='ocrx_word' id='word_1_7' title='bbox 725 250 738 270; x_wconf 90' lang='lat'>‚</span> <span class='ocrx_word' id='word_1_8' title='bbox 756 224 792 261; x_wconf 73' lang='lat'>3:</span> <span class='ocrx_word' id='word_1_9' title='bbox 808 223 936 260; x_wconf 85' lang='lat' dir='ltr'>solum</span> <span class='ocrx_word' id='word_1_10' title='bbox 950 218 1143 261; x_wconf 84' lang='lat' dir='ltr'>differant</span> <span class='ocrx_word' id='word_1_11' title='bbox 1160 221 1200 260; x_wconf 92' lang='lat' dir='ltr'>in</span> <span class='ocrx_word' id='word_1_12' title='bbox 1219 230 1407 272; x_wconf 82' lang='lat' dir='ltr'>tempore</span> <span class='ocrx_word' id='word_1_13' title='bbox 1426 224 1473 260; x_wconf 80' lang='lat' dir='ltr'>ad</span> <span class='ocrx_word' id='word_1_14' title='bbox 1488 222 1633 263; x_wconf 57' lang='lat' dir='ltr'>Paxaea</span> <span class='ocrx_word' id='word_1_15' title='bbox 1650 224 1816 276; x_wconf 59' lang='lat' dir='ltr'>Leng</span> 
     </span>
     <span class='ocr_line' id='line_1_3' title="bbox 501 274 895 323; baseline -0.01 -8"><span class='ocrx_word' id='word_1_16' title='bbox 501 275 669 316; x_wconf 70' lang='lat' dir='ltr'>Filiabus</span> <span class='ocrx_word' id='word_1_17' title='bbox 675 274 768 323; x_wconf 75' lang='lat' dir='ltr'>ffide</span> <span class='ocrx_word' id='word_1_18' title='bbox 783 274 895 322; x_wconf 79' lang='lat' dir='ltr'>legat.</span> 
     </span>
    </p>

    <p class='ocr_par' dir='ltr' id='par_1_2' title="bbox 448 325 1837 890">
     <span class='ocr_line' id='line_1_4' title="bbox 448 325 1825 378; baseline 0 -10"><span class='ocrx_word' id='word_1_19' title='bbox 448 331 655 371; x_wconf 71' lang='lat' dir='ltr'>observat</span> <span class='ocrx_word' id='word_1_20' title='bbox 674 333 890 375; x_wconf 72' lang='lat' dir='ltr'>praeterea,</span> <span class='ocrx_word' id='word_1_21' title='bbox 908 325 1037 374; x_wconf 84' lang='lat' dir='ltr'>legati</span> <span class='ocrx_word' id='word_1_22' title='bbox 1051 326 1379 378; x_wconf 73' lang='lat' dir='ltr'>perpetuitatem</span> <span class='ocrx_word' id='word_1_23' title='bbox 1399 327 1494 368; x_wconf 84' lang='lat' dir='ltr'>satis</span> <span class='ocrx_word' id='word_1_24' title='bbox 1508 326 1757 374; x_wconf 80' lang='lat' dir='ltr'>deprehendi</span> <span class='ocrx_word' id='word_1_25' title='bbox 1777 338 1825 369; x_wconf 81' lang='lat' dir='ltr'>ex</span> 
     </span>
     <span class='ocr_line' id='line_1_5' title="bbox 503 377 1831 431; baseline -0.001 -10"><span class='ocrx_word' id='word_1_26' title='bbox 503 381 683 422; x_wconf 79' lang='lat' dir='ltr'>adbibita</span> <span class='ocrx_word' id='word_1_27' title='bbox 712 391 732 416; x_wconf 90' lang='lat' dir='ltr'>a</span> <span class='ocrx_word' id='word_1_28' title='bbox 751 377 962 418; x_wconf 83' lang='lat' dir='ltr'>Testatore</span> <span class='ocrx_word' id='word_1_29' title='bbox 978 378 1174 428; x_wconf 87' lang='lat' dir='ltr'>loquendi</span> <span class='ocrx_word' id='word_1_30' title='bbox 1190 377 1367 419; x_wconf 82' lang='lat' dir='ltr'>formula</span> <span class='ocrx_word' id='word_1_31' title='bbox 1400 379 1532 430; x_wconf 82' lang='lat' dir='ltr'>quoad</span> <span class='ocrx_word' id='word_1_32' title='bbox 1565 378 1645 418; x_wconf 87' lang='lat' dir='ltr'>alia</span> <span class='ocrx_word' id='word_1_33' title='bbox 1661 381 1795 431; x_wconf 87' lang='lat' dir='ltr'>legata</span> <span class='ocrx_word' id='word_1_34' title='bbox 1815 405 1831 427; x_wconf 70' lang='lat'>0</span> 
     </span>
     <span class='ocr_line' id='line_1_6' title="bbox 507 427 1830 485; baseline 0.003 -16"><span class='ocrx_word' id='word_1_35' title='bbox 507 448 591 485; x_wconf 54' lang='grc' dir='ltr'>(ιιι-,ε</span> <span class='ocrx_word' id='word_1_36' title='bbox 605 438 803 481; x_wconf 79' lang='lat' dir='ltr'>perpetua</span> <span class='ocrx_word' id='word_1_37' title='bbox 834 427 913 468; x_wconf 82' lang='lat' dir='ltr'>effe</span> <span class='ocrx_word' id='word_1_38' title='bbox 930 431 1066 470; x_wconf 89' lang='lat' dir='ltr'>voluit</span> <span class='ocrx_word' id='word_1_39' title='bbox 1083 456 1097 476; x_wconf 90' lang='lat'><strong>‚</strong></span> <span class='ocrx_word' id='word_1_40' title='bbox 1121 432 1160 471; x_wconf 68' lang='lat' dir='ltr'>&amp;c</span> <span class='ocrx_word' id='word_1_41' title='bbox 1194 436 1460 482; x_wconf 78' lang='lat' dir='ltr'><em>inperpetuum</em></span> <span class='ocrx_word' id='word_1_42' title='bbox 1489 431 1708 478; x_wconf 79' lang='lat' dir='ltr'>adimpleri</span> <span class='ocrx_word' id='word_1_43' title='bbox 1724 446 1739 473; x_wconf 80' lang='lat'>,-</span> <span class='ocrx_word' id='word_1_44' title='bbox 1768 445 1830 472; x_wconf 86' lang='lat' dir='ltr'>ar·</span> 
     </span>
     <span class='ocr_line' id='line_1_7' title="bbox 505 479 1833 536; baseline -0.002 -12"><span class='ocrx_word' id='word_1_45' title='bbox 505 487 594 536; x_wconf 84' lang='lat' dir='ltr'>guit</span> <span class='ocrx_word' id='word_1_46' title='bbox 612 482 800 533; x_wconf 78' lang='lat' dir='ltr'><strong>proinde,</strong></span> <span class='ocrx_word' id='word_1_47' title='bbox 813 479 900 522; x_wconf 87' lang='lat' dir='ltr'>fieri</span> <span class='ocrx_word' id='word_1_48' title='bbox 915 495 994 521; x_wconf 92' lang='lat' dir='ltr'>non</span> <span class='ocrx_word' id='word_1_49' title='bbox 1016 481 1147 532; x_wconf 82' lang='lat' dir='ltr'>posse,</span> <span class='ocrx_word' id='word_1_50' title='bbox 1175 492 1221 522; x_wconf 91' lang='lat' dir='ltr'>ut</span> <span class='ocrx_word' id='word_1_51' title='bbox 1237 484 1467 530; x_wconf 85' lang='lat' dir='ltr'>hujusmodi</span> <span class='ocrx_word' id='word_1_52' title='bbox 1495 484 1676 523; x_wconf 82' lang='lat' dir='ltr'>clausula</span> <span class='ocrx_word' id='word_1_53' title='bbox 1705 484 1745 523; x_wconf 88' lang='lat' dir='ltr'>in</span> <span class='ocrx_word' id='word_1_54' title='bbox 1765 486 1833 524; x_wconf 88' lang='lat' dir='ltr'>suo</span> 
     </span>
     <span class='ocr_line' id='line_1_8' title="bbox 504 533 1834 588; baseline 0.002 -14"><span class='ocrx_word' id='word_1_55' title='bbox 504 537 699 588; x_wconf 72' lang='lat' dir='ltr'>legitimo</span> <span class='ocrx_word' id='word_1_56' title='bbox 714 534 827 574; x_wconf 87' lang='lat' dir='ltr'>sensu</span> <span class='ocrx_word' id='word_1_57' title='bbox 856 533 987 585; x_wconf 87' lang='lat' dir='ltr'>quoad</span> <span class='ocrx_word' id='word_1_58' title='bbox 1021 544 1169 576; x_wconf 86' lang='lat' dir='ltr'>caetera</span> <span class='ocrx_word' id='word_1_59' title='bbox 1186 536 1374 586; x_wconf 81' lang='lat' dir='ltr'>usurpata</span> <span class='ocrx_word' id='word_1_60' title='bbox 1393 560 1407 580; x_wconf 85' lang='lat'>‚</span> <span class='ocrx_word' id='word_1_61' title='bbox 1434 536 1564 575; x_wconf 87' lang='lat' dir='ltr'>solum</span> <span class='ocrx_word' id='word_1_62' title='bbox 1581 536 1834 584; x_wconf 80' lang='lat' dir='ltr'>improbetur</span> 
     </span>
     <span class='ocr_line' id='line_1_9' title="bbox 508 585 1832 640; baseline -0.002 -10"><span class='ocrx_word' id='word_1_63' title='bbox 508 591 547 630; x_wconf 81' lang='lat' dir='ltr'>in</span> <span class='ocrx_word' id='word_1_64' title='bbox 566 587 846 640; x_wconf 74' lang='lat' dir='ltr'>proejudicium</span> <span class='ocrx_word' id='word_1_65' title='bbox 864 585 1132 630; x_wconf 66' lang='lat' dir='ltr'>familiarum</span> <span class='ocrx_word' id='word_1_66' title='bbox 1154 612 1170 633; x_wconf 57' lang='grc' dir='ltr'><em>φ</em></span> <span class='ocrx_word' id='word_1_67' title='bbox 1187 600 1272 639; x_wconf 86' lang='lat' dir='ltr'>quae</span> <span class='ocrx_word' id='word_1_68' title='bbox 1287 589 1487 638; x_wconf 86' lang='lat' dir='ltr'>subrogari</span> <span class='ocrx_word' id='word_1_69' title='bbox 1505 588 1658 628; x_wconf 88' lang='lat' dir='ltr'>debent</span> <span class='ocrx_word' id='word_1_70' title='bbox 1675 618 1684 628; x_wconf 89' lang='lat'>.</span> <span class='ocrx_word' id='word_1_71' title='bbox 1705 589 1832 640; x_wconf 84' lang='lat' dir='ltr'>quue</span> 
     </span>
     <span class='ocr_line' id='line_1_10' title="bbox 510 637 1836 696; baseline 0.002 -17"><span class='ocrx_word' id='word_1_72' title='bbox 510 656 558 684; x_wconf 81' lang='lat' dir='ltr'>co</span> <span class='ocrx_word' id='word_1_73' title='bbox 576 639 782 693; x_wconf 67' lang='lat' dir='ltr'>absurdius</span> <span class='ocrx_word' id='word_1_74' title='bbox 801 637 879 696; x_wconf 61' lang='lat' dir='ltr'>else</span> <span class='ocrx_word' id='word_1_75' title='bbox 908 638 1040 685; x_wconf 87' lang='lat' dir='ltr'>dicit,</span> <span class='ocrx_word' id='word_1_76' title='bbox 1068 640 1163 692; x_wconf 84' lang='lat' dir='ltr'>quia</span> <span class='ocrx_word' id='word_1_77' title='bbox 1194 641 1275 680; x_wconf 89' lang='lat' dir='ltr'>fine</span> <span class='ocrx_word' id='word_1_78' title='bbox 1294 641 1583 689; x_wconf 85' lang='lat' dir='ltr'>subrogatione</span> <span class='ocrx_word' id='word_1_79' title='bbox 1601 641 1742 680; x_wconf 88' lang='lat' dir='ltr'>haberi</span> <span class='ocrx_word' id='word_1_80' title='bbox 1757 652 1836 681; x_wconf 87' lang='lat' dir='ltr'>non</span> 
     </span>
     <span class='ocr_line' id='line_1_11' title="bbox 508 690 1836 745; baseline 0 -13"><span class='ocrx_word' id='word_1_81' title='bbox 508 694 636 745; x_wconf 72' lang='lat' dir='ltr'>postet</span> <span class='ocrx_word' id='word_1_82' title='bbox 666 699 924 741; x_wconf 80' lang='lat' dir='ltr'>perpetuitas</span> <span class='ocrx_word' id='word_1_83' title='bbox 941 703 962 730; x_wconf 91' lang='lat' dir='ltr'>a</span> <span class='ocrx_word' id='word_1_84' title='bbox 979 690 1192 732; x_wconf 86' lang='lat' dir='ltr'>Testatore</span> <span class='ocrx_word' id='word_1_85' title='bbox 1208 700 1352 741; x_wconf 79' lang='lat' dir='ltr'>optata</span> <span class='ocrx_word' id='word_1_86' title='bbox 1372 718 1383 737; x_wconf 91' lang='lat'>,</span> <span class='ocrx_word' id='word_1_87' title='bbox 1413 693 1451 733; x_wconf 70' lang='lat'>3&lt;</span> <span class='ocrx_word' id='word_1_88' title='bbox 1467 694 1667 732; x_wconf 88' lang='lat' dir='ltr'>caducum</span> <span class='ocrx_word' id='word_1_89' title='bbox 1688 693 1836 733; x_wconf 86' lang='lat' dir='ltr'>redde-</span> 
     </span>
     <span class='ocr_line' id='line_1_12' title="bbox 511 743 1837 795; baseline -0.002 -9"><span class='ocrx_word' id='word_1_90' title='bbox 511 756 623 786; x_wconf 82' lang='lat' dir='ltr'>retur</span> <span class='ocrx_word' id='word_1_91' title='bbox 651 746 859 792; x_wconf 83' lang='lat' dir='ltr'>legatum,</span> <span class='ocrx_word' id='word_1_92' title='bbox 886 743 994 793; x_wconf 91' lang='lat' dir='ltr'>quod</span> <span class='ocrx_word' id='word_1_93' title='bbox 1030 743 1144 785; x_wconf 86' lang='lat' dir='ltr'>illius</span> <span class='ocrx_word' id='word_1_94' title='bbox 1177 744 1386 784; x_wconf 84' lang='lat' dir='ltr'>voluntati</span> <span class='ocrx_word' id='word_1_95' title='bbox 1417 745 1586 783; x_wconf 86' lang='lat' dir='ltr'>omnino</span> <span class='ocrx_word' id='word_1_96' title='bbox 1617 754 1812 795; x_wconf 80' lang='lat' dir='ltr'>repugnat</span> <span class='ocrx_word' id='word_1_97' title='bbox 1827 773 1837 784; x_wconf 88' lang='lat'>.</span> 
     </span>
     <span class='ocr_line' id='line_1_13' title="bbox 510 796 1834 885; baseline -0.001 -48"><span class='ocrx_word' id='word_1_98' title='bbox 510 801 594 837; x_wconf 81' lang='lat' dir='ltr'>Rot.</span> <span class='ocrx_word' id='word_1_99' title='bbox 614 796 723 885; x_wconf 41' lang='lat' dir='ltr'>defigis.</span> <span class='ocrx_word' id='word_1_100' title='bbox 735 809 794 834; x_wconf 85' lang='lat'>10.</span> <span class='ocrx_word' id='word_1_101' title='bbox 812 807 908 834; x_wconf 73' lang='lat' dir='ltr'>num.</span> <span class='ocrx_word' id='word_1_102' title='bbox 926 804 1072 846; x_wconf 80' lang='lat' dir='ltr'>5.part.</span> <span class='ocrx_word' id='word_1_103' title='bbox 1091 810 1126 836; x_wconf 84' lang='lat'>1.</span> <span class='ocrx_word' id='word_1_104' title='bbox 1143 820 1158 842; x_wconf 85' lang='lat'><strong>‚</strong></span> <span class='ocrx_word' id='word_1_105' title='bbox 1187 799 1232 847; x_wconf 64' lang='grc' dir='ltr'>ὠ·</span> <span class='ocrx_word' id='word_1_106' title='bbox 1253 797 1461 846; x_wconf 68' lang='lat' dir='ltr'>decis-3¹4,</span> <span class='ocrx_word' id='word_1_107' title='bbox 1501 811 1598 838; x_wconf 76' lang='lat' dir='ltr'>uum.</span> <span class='ocrx_word' id='word_1_108' title='bbox 1619 811 1679 836; x_wconf 81' lang='grc' dir='ltr'>ιο.</span> <span class='ocrx_word' id='word_1_109' title='bbox 1692 807 1834 847; x_wconf 81' lang='lat' dir='ltr'>part.4.</span> 
     </span>
     <span class='ocr_line' id='line_1_14' title="bbox 510 857 812 890; baseline -0.02 1"><span class='ocrx_word' id='word_1_110' title='bbox 510 863 639 890; x_wconf 58' lang='lat' dir='ltr'>town.</span> <span class='ocrx_word' id='word_1_111' title='bbox 697 857 812 887; x_wconf 61' lang='lat' dir='ltr'><em>&amp;cent-</em></span> 
     </span>
    </p>

    <p class='ocr_par' dir='ltr' id='par_1_3' title="bbox 460 898 1844 1574">
     <span class='ocr_line' id='line_1_15' title="bbox 460 898 1838 951; baseline -0.003 -8"><span class='ocrx_word' id='word_1_112' title='bbox 460 904 523 943; x_wconf 65' lang='lat' dir='ltr'>Ad</span> <span class='ocrx_word' id='word_1_113' title='bbox 541 903 592 942; x_wconf 89' lang='lat'>11.</span> <span class='ocrx_word' id='word_1_114' title='bbox 610 902 794 945; x_wconf 84' lang='lat' dir='ltr'>sustinet,</span> <span class='ocrx_word' id='word_1_115' title='bbox 808 898 1020 939; x_wconf 87' lang='lat' dir='ltr'>subfidium</span> <span class='ocrx_word' id='word_1_116' title='bbox 1037 900 1176 942; x_wconf 90' lang='lat' dir='ltr'>dotale</span> <span class='ocrx_word' id='word_1_117' title='bbox 1192 902 1305 947; x_wconf 81' lang='lat' dir='ltr'>juxta</span> <span class='ocrx_word' id='word_1_118' title='bbox 1319 909 1504 951; x_wconf 84' lang='lat' dir='ltr'>apertam</span> <span class='ocrx_word' id='word_1_119' title='bbox 1520 900 1745 942; x_wconf 83' lang='lat' dir='ltr'>Testatoris</span> <span class='ocrx_word' id='word_1_120' title='bbox 1764 913 1838 939; x_wconf 91' lang='lat' dir='ltr'>vo-</span> 
     </span>
     <span class='ocr_line' id='line_1_16' title="bbox 513 952 1840 1003; baseline -0.002 -9"><span class='ocrx_word' id='word_1_121' title='bbox 513 959 718 994; x_wconf 81' lang='lat' dir='ltr'>luntatem</span> <span class='ocrx_word' id='word_1_122' title='bbox 748 963 829 990; x_wconf 92' lang='lat' dir='ltr'>non</span> <span class='ocrx_word' id='word_1_123' title='bbox 845 952 969 992; x_wconf 89' lang='lat' dir='ltr'>aliter</span> <span class='ocrx_word' id='word_1_124' title='bbox 987 953 1063 993; x_wconf 81' lang='lat' dir='ltr'>effe</span> <span class='ocrx_word' id='word_1_125' title='bbox 1089 952 1388 994; x_wconf 87' lang='lat' dir='ltr'>conferendum</span> <span class='ocrx_word' id='word_1_126' title='bbox 1405 978 1418 998; x_wconf 92' lang='lat'>,</span> <span class='ocrx_word' id='word_1_127' title='bbox 1446 965 1566 1003; x_wconf 81' lang='lat' dir='ltr'>quam</span> <span class='ocrx_word' id='word_1_128' title='bbox 1598 965 1669 1002; x_wconf 88' lang='lat' dir='ltr'>per</span> <span class='ocrx_word' id='word_1_129' title='bbox 1700 962 1840 992; x_wconf 82' lang='lat' dir='ltr'>extra·</span> 
     </span>
     <span class='ocr_line' id='line_1_17' title="bbox 509 1005 1838 1056; baseline -0.001 -12"><span class='ocrx_word' id='word_1_130' title='bbox 509 1009 687 1047; x_wconf 58' lang='lat' dir='ltr'>“tionem</span> <span class='ocrx_word' id='word_1_131' title='bbox 707 1005 827 1044; x_wconf 87' lang='lat' dir='ltr'>unius</span> <span class='ocrx_word' id='word_1_132' title='bbox 843 1016 889 1043; x_wconf 79' lang='lat' dir='ltr'>ex</span> <span class='ocrx_word' id='word_1_133' title='bbox 909 1005 1063 1045; x_wconf 80' lang='lat' dir='ltr'>Puellis</span> <span class='ocrx_word' id='word_1_134' title='bbox 1081 1032 1093 1051; x_wconf 90' lang='lat'>,</span> <span class='ocrx_word' id='word_1_135' title='bbox 1121 1017 1293 1056; x_wconf 87' lang='lat' dir='ltr'>quarum</span> <span class='ocrx_word' id='word_1_136' title='bbox 1313 1006 1478 1045; x_wconf 84' lang='lat' dir='ltr'>nomina</span> <span class='ocrx_word' id='word_1_137' title='bbox 1509 1006 1547 1044; x_wconf 92' lang='lat' dir='ltr'>in</span> <span class='ocrx_word' id='word_1_138' title='bbox 1576 1016 1674 1044; x_wconf 86' lang='lat' dir='ltr'>urna</span> <span class='ocrx_word' id='word_1_139' title='bbox 1710 1005 1838 1054; x_wconf 85' lang='lat' dir='ltr'>pofita</span> 
     </span>
     <span class='ocr_line' id='line_1_18' title="bbox 511 1056 1843 1108; baseline -0.002 -9"><span class='ocrx_word' id='word_1_140' title='bbox 511 1060 663 1099; x_wconf 74' lang='lat' dir='ltr'>ruerint</span> <span class='ocrx_word' id='word_1_141' title='bbox 684 1086 694 1097; x_wconf 90' lang='lat'><strong>.</strong></span> <span class='ocrx_word' id='word_1_142' title='bbox 726 1056 873 1101; x_wconf 81' lang='lat' dir='ltr'>Addit,</span> <span class='ocrx_word' id='word_1_143' title='bbox 888 1056 1123 1098; x_wconf 85' lang='lat' dir='ltr'>Puellarum</span> <span class='ocrx_word' id='word_1_144' title='bbox 1140 1058 1440 1100; x_wconf 84' lang='lat' dir='ltr'>nominationes</span> <span class='ocrx_word' id='word_1_145' title='bbox 1460 1059 1538 1096; x_wconf 90' lang='lat' dir='ltr'>huc</span> <span class='ocrx_word' id='word_1_146' title='bbox 1555 1056 1678 1108; x_wconf 78' lang='lat' dir='ltr'>usque</span> <span class='ocrx_word' id='word_1_147' title='bbox 1704 1057 1843 1105; x_wconf 83' lang='lat' dir='ltr'>exple-</span> 
     </span>
     <span class='ocr_line' id='line_1_19' title="bbox 510 1107 1839 1158; baseline -0.003 -6"><span class='ocrx_word' id='word_1_148' title='bbox 510 1124 572 1152; x_wconf 79' lang='lat' dir='ltr'>tas</span> <span class='ocrx_word' id='word_1_149' title='bbox 587 1107 703 1150; x_wconf 76' lang='lat' dir='ltr'>fuisse</span> <span class='ocrx_word' id='word_1_150' title='bbox 735 1110 848 1154; x_wconf 83' lang='lat' dir='ltr'>juxta</span> <span class='ocrx_word' id='word_1_151' title='bbox 890 1110 1132 1151; x_wconf 79' lang='lat' dir='ltr'>methodum</span> <span class='ocrx_word' id='word_1_152' title='bbox 1165 1123 1185 1150; x_wconf 88' lang='lat' dir='ltr'>a</span> <span class='ocrx_word' id='word_1_153' title='bbox 1206 1109 1418 1150; x_wconf 86' lang='lat' dir='ltr'>Testatore</span> <span class='ocrx_word' id='word_1_154' title='bbox 1449 1109 1690 1158; x_wconf 70' lang='lat' dir='ltr'>praefinitam</span> <span class='ocrx_word' id='word_1_155' title='bbox 1719 1133 1734 1154; x_wconf 89' lang='lat'>‚</span> <span class='ocrx_word' id='word_1_156' title='bbox 1763 1120 1839 1148; x_wconf 88' lang='lat' dir='ltr'>nec</span> 
     </span>
     <span class='ocr_line' id='line_1_20' title="bbox 508 1162 1835 1213; baseline -0.002 -12"><span class='ocrx_word' id='word_1_157' title='bbox 508 1163 678 1213; x_wconf 74' lang='lat' dir='ltr'>proinde</span> <span class='ocrx_word' id='word_1_158' title='bbox 696 1162 823 1201; x_wconf 86' lang='lat' dir='ltr'>licere</span> <span class='ocrx_word' id='word_1_159' title='bbox 853 1163 901 1201; x_wconf 88' lang='lat' dir='ltr'>ab</span> <span class='ocrx_word' id='word_1_160' title='bbox 916 1171 1055 1210; x_wconf 80' lang='lat' dir='ltr'>aperta</span> <span class='ocrx_word' id='word_1_161' title='bbox 1086 1162 1471 1209; x_wconf 79' lang='lat' dir='ltr'>illiusdispofitione</span> <span class='ocrx_word' id='word_1_162' title='bbox 1497 1164 1688 1201; x_wconf 82' lang='lat' dir='ltr'>recedere</span> <span class='ocrx_word' id='word_1_163' title='bbox 1706 1187 1719 1205; x_wconf 89' lang='lat'>‚</span> <span class='ocrx_word' id='word_1_164' title='bbox 1759 1172 1835 1200; x_wconf 91' lang='lat' dir='ltr'>nec</span> 
     </span>
     <span class='ocr_line' id='line_1_21' title="bbox 508 1212 1838 1268; baseline -0.005 -12"><span class='ocrx_word' id='word_1_165' title='bbox 508 1215 840 1268; x_wconf 66' lang='lat' dir='ltr'>praeelet‘tionem</span> <span class='ocrx_word' id='word_1_166' title='bbox 871 1214 1130 1254; x_wconf 84' lang='lat' dir='ltr'>tribuendam</span> <span class='ocrx_word' id='word_1_167' title='bbox 1151 1213 1274 1253; x_wconf 86' lang='lat' dir='ltr'>Petro</span> <span class='ocrx_word' id='word_1_168' title='bbox 1292 1212 1516 1253; x_wconf 88' lang='lat' dir='ltr'>Lotrecchi</span> <span class='ocrx_word' id='word_1_169' title='bbox 1536 1240 1550 1258; x_wconf 90' lang='lat'>‚</span> <span class='ocrx_word' id='word_1_170' title='bbox 1572 1213 1706 1263; x_wconf 84' lang='lat' dir='ltr'>quint</span> <span class='ocrx_word' id='word_1_171' title='bbox 1724 1212 1838 1251; x_wconf 86' lang='lat' dir='ltr'>dotis</span> 
     </span>
     <span class='ocr_line' id='line_1_22' title="bbox 507 1263 1838 1319; baseline -0.006 -9"><span class='ocrx_word' id='word_1_172' title='bbox 507 1274 647 1319; x_wconf 80' lang='lat' dir='ltr'>legato</span> <span class='ocrx_word' id='word_1_173' title='bbox 663 1265 789 1314; x_wconf 76' lang='lat' dir='ltr'>potiri</span> <span class='ocrx_word' id='word_1_174' title='bbox 808 1267 944 1305; x_wconf 82' lang='lat' dir='ltr'>valeat</span> <span class='ocrx_word' id='word_1_175' title='bbox 960 1292 972 1310; x_wconf 91' lang='lat'>,</span> <span class='ocrx_word' id='word_1_176' title='bbox 1004 1267 1154 1308; x_wconf 87' lang='lat' dir='ltr'>sortem</span> <span class='ocrx_word' id='word_1_177' title='bbox 1172 1267 1210 1306; x_wconf 76' lang='lat' dir='ltr'>Sc</span> <span class='ocrx_word' id='word_1_178' title='bbox 1227 1267 1309 1313; x_wconf 71' lang='lat' dir='ltr'>ipse</span> <span class='ocrx_word' id='word_1_179' title='bbox 1327 1266 1500 1314; x_wconf 77' lang='lat' dir='ltr'>experiri</span> <span class='ocrx_word' id='word_1_180' title='bbox 1529 1266 1650 1305; x_wconf 88' lang='lat' dir='ltr'>debet</span> <span class='ocrx_word' id='word_1_181' title='bbox 1666 1293 1677 1304; x_wconf 93' lang='lat'>.</span> <span class='ocrx_word' id='word_1_182' title='bbox 1705 1263 1838 1303; x_wconf 74' lang='lat' dir='ltr'>Caete-</span> 
     </span>
     <span class='ocr_line' id='line_1_23' title="bbox 510 1316 1838 1365; baseline -0.004 -4"><span class='ocrx_word' id='word_1_183' title='bbox 510 1333 602 1365; x_wconf 76' lang='lat' dir='ltr'>rum</span> <span class='ocrx_word' id='word_1_184' title='bbox 618 1318 817 1363; x_wconf 83' lang='lat' dir='ltr'>advertit,</span> <span class='ocrx_word' id='word_1_185' title='bbox 833 1316 1004 1357; x_wconf 81' lang='lat' dir='ltr'>voluisse</span> <span class='ocrx_word' id='word_1_186' title='bbox 1021 1317 1278 1361; x_wconf 80' lang='lat' dir='ltr'>Testatorem</span> <span class='ocrx_word' id='word_1_187' title='bbox 1295 1345 1309 1363; x_wconf 78' lang='lat'>‚</span> <span class='ocrx_word' id='word_1_188' title='bbox 1338 1327 1382 1357; x_wconf 90' lang='lat' dir='ltr'>ut</span> <span class='ocrx_word' id='word_1_189' title='bbox 1413 1317 1563 1356; x_wconf 84' lang='lat' dir='ltr'>Puellae</span> <span class='ocrx_word' id='word_1_190' title='bbox 1592 1317 1641 1355; x_wconf 92' lang='lat' dir='ltr'>ad</span> <span class='ocrx_word' id='word_1_191' title='bbox 1666 1317 1838 1356; x_wconf 54' lang='lat' dir='ltr'>dotale)</span> 
     </span>
     <span class='ocr_line' id='line_1_24' title="bbox 511 1367 1840 1420; baseline -0.006 -6"><span class='ocrx_word' id='word_1_192' title='bbox 511 1372 726 1414; x_wconf 75' lang='lat' dir='ltr'>subsidium</span> <span class='ocrx_word' id='word_1_193' title='bbox 743 1371 944 1419; x_wconf 72' lang='lat' dir='ltr'>eligenda:</span> <span class='ocrx_word' id='word_1_194' title='bbox 991 1369 1032 1409; x_wconf 90' lang='lat' dir='ltr'>in</span> <span class='ocrx_word' id='word_1_195' title='bbox 1063 1370 1227 1409; x_wconf 87' lang='lat' dir='ltr'>decimo</span> <span class='ocrx_word' id='word_1_196' title='bbox 1244 1379 1389 1420; x_wconf 89' lang='lat' dir='ltr'>quarto</span> <span class='ocrx_word' id='word_1_197' title='bbox 1407 1370 1542 1410; x_wconf 70' lang='lat' dir='ltr'>aetatis</span> <span class='ocrx_word' id='word_1_198' title='bbox 1570 1382 1676 1408; x_wconf 85' lang='lat' dir='ltr'>anno</span> <span class='ocrx_word' id='word_1_199' title='bbox 1711 1367 1840 1407; x_wconf 67' lang='lat' dir='ltr'>essent</span> 
     </span>
     <span class='ocr_line' id='line_1_25' title="bbox 510 1420 1839 1467; baseline -0.006 -2"><span class='ocrx_word' id='word_1_200' title='bbox 510 1424 738 1465; x_wconf 64' lang='lat' dir='ltr'>constitutre</span> <span class='ocrx_word' id='word_1_201' title='bbox 756 1449 767 1467; x_wconf 91' lang='lat'>‚</span> <span class='ocrx_word' id='word_1_202' title='bbox 786 1422 852 1461; x_wconf 90' lang='lat' dir='ltr'>sed</span> <span class='ocrx_word' id='word_1_203' title='bbox 869 1421 995 1460; x_wconf 86' lang='lat' dir='ltr'>filiam</span> <span class='ocrx_word' id='word_1_204' title='bbox 1016 1420 1129 1461; x_wconf 85' lang='lat' dir='ltr'>Petri</span> <span class='ocrx_word' id='word_1_205' title='bbox 1144 1421 1364 1461; x_wconf 87' lang='lat' dir='ltr'>Lotrecchi</span> <span class='ocrx_word' id='word_1_206' title='bbox 1384 1423 1447 1460; x_wconf 76' lang='lat' dir='ltr'>vix</span> <span class='ocrx_word' id='word_1_207' title='bbox 1471 1422 1668 1460; x_wconf 83' lang='lat' dir='ltr'>excedere</span> <span class='ocrx_word' id='word_1_208' title='bbox 1686 1431 1839 1459; x_wconf 88' lang='lat' dir='ltr'>annum</span> 
     </span>
     <span class='ocr_line' id='line_1_26' title="bbox 509 1473 1844 1524; baseline -0.004 -7"><span class='ocrx_word' id='word_1_209' title='bbox 509 1476 801 1516; x_wconf 85' lang='lat' dir='ltr'>duodecimum</span> <span class='ocrx_word' id='word_1_210' title='bbox 821 1496 833 1517; x_wconf 85' lang='lat'>‚</span> <span class='ocrx_word' id='word_1_211' title='bbox 851 1482 976 1524; x_wconf 86' lang='lat' dir='ltr'>atquc</span> <span class='ocrx_word' id='word_1_212' title='bbox 990 1473 1146 1513; x_wconf 87' lang='lat' dir='ltr'>idcirco</span> <span class='ocrx_word' id='word_1_213' title='bbox 1162 1474 1400 1517; x_wconf 83' lang='lat' dir='ltr'>contendit,</span> <span class='ocrx_word' id='word_1_214' title='bbox 1419 1486 1496 1512; x_wconf 91' lang='lat' dir='ltr'>nou</span> <span class='ocrx_word' id='word_1_215' title='bbox 1518 1474 1646 1517; x_wconf 85' lang='lat' dir='ltr'>solum</span> <span class='ocrx_word' id='word_1_216' title='bbox 1663 1483 1684 1512; x_wconf 88' lang='lat' dir='ltr'>a</span> <span class='ocrx_word' id='word_1_217' title='bbox 1701 1473 1844 1522; x_wconf 70' lang='lat' dir='ltr'>praela·</span> 
     </span>
     <span class='ocr_line' id='line_1_27' title="bbox 516 1525 1530 1574; baseline -0.005 -5"><span class='ocrx_word' id='word_1_218' title='bbox 516 1532 651 1574; x_wconf 83' lang='lat' dir='ltr'>tione,</span> <span class='ocrx_word' id='word_1_219' title='bbox 666 1528 736 1568; x_wconf 90' lang='lat' dir='ltr'>sed</span> <span class='ocrx_word' id='word_1_220' title='bbox 755 1526 882 1566; x_wconf 88' lang='lat' dir='ltr'>etiam</span> <span class='ocrx_word' id='word_1_221' title='bbox 899 1537 920 1564; x_wconf 92' lang='lat' dir='ltr'>a</span> <span class='ocrx_word' id='word_1_222' title='bbox 938 1527 1134 1566; x_wconf 91' lang='lat' dir='ltr'>concursu</span> <span class='ocrx_word' id='word_1_223' title='bbox 1153 1525 1242 1567; x_wconf 88' lang='lat' dir='ltr'>fore</span> <span class='ocrx_word' id='word_1_224' title='bbox 1259 1526 1505 1573; x_wconf 79' lang='lat' dir='ltr'>ejiciendam</span> <span class='ocrx_word' id='word_1_225' title='bbox 1520 1555 1530 1564; x_wconf 88' lang='lat'>.</span> 
     </span>
    </p>

    <p class='ocr_par' dir='ltr' id='par_1_4' title="bbox 460 1576 1867 2465">
     <span class='ocr_line' id='line_1_28' title="bbox 460 1576 1842 1630; baseline -0.005 -8"><span class='ocrx_word' id='word_1_226' title='bbox 460 1590 615 1630; x_wconf 86' lang='lat' dir='ltr'>contra</span> <span class='ocrx_word' id='word_1_227' title='bbox 633 1593 732 1621; x_wconf 89' lang='lat' dir='ltr'>vero</span> <span class='ocrx_word' id='word_1_228' title='bbox 748 1578 1018 1619; x_wconf 80' lang='lat' dir='ltr'>Lotrecchius</span> <span class='ocrx_word' id='word_1_229' title='bbox 1048 1578 1225 1618; x_wconf 86' lang='lat' dir='ltr'>affirmat</span> <span class='ocrx_word' id='word_1_230' title='bbox 1251 1578 1333 1618; x_wconf 91' lang='lat' dir='ltr'>adl</span> <span class='ocrx_word' id='word_1_231' title='bbox 1379 1578 1545 1618; x_wconf 78' lang='lat' dir='ltr'>dubium</span> <span class='ocrx_word' id='word_1_232' title='bbox 1563 1576 1842 1625; x_wconf 70' lang='lat' dir='ltr'>,vetitionem</span> 
     </span>
     <span class='ocr_line' id='line_1_29' title="bbox 512 1627 1842 1679; baseline -0.006 -4"><span class='ocrx_word' id='word_1_233' title='bbox 512 1634 714 1675; x_wconf 81' lang='lat' dir='ltr'>Francisci</span> <span class='ocrx_word' id='word_1_234' title='bbox 733 1630 907 1671; x_wconf 88' lang='lat' dir='ltr'>Antonii</span> <span class='ocrx_word' id='word_1_235' title='bbox 939 1630 1094 1679; x_wconf 87' lang='lat' dir='ltr'>Magini</span> <span class='ocrx_word' id='word_1_236' title='bbox 1124 1631 1265 1679; x_wconf 74' lang='lat' dir='ltr'>aperte</span> <span class='ocrx_word' id='word_1_237' title='bbox 1300 1629 1503 1671; x_wconf 79' lang='lat' dir='ltr'>adversari</span> <span class='ocrx_word' id='word_1_238' title='bbox 1533 1630 1665 1668; x_wconf 88' lang='lat' dir='ltr'>menti</span> <span class='ocrx_word' id='word_1_239' title='bbox 1700 1627 1842 1668; x_wconf 87' lang='lat' dir='ltr'>Testa-</span> 
     </span>
     <span class='ocr_line' id='line_1_30' title="bbox 510 1680 1839 1735; baseline -0.004 -8"><span class='ocrx_word' id='word_1_240' title='bbox 510 1687 615 1728; x_wconf 83' lang='lat' dir='ltr'>toris</span> <span class='ocrx_word' id='word_1_241' title='bbox 635 1710 648 1729; x_wconf 89' lang='lat'>,</span> <span class='ocrx_word' id='word_1_242' title='bbox 665 1684 735 1735; x_wconf 92' lang='lat' dir='ltr'>qui</span> <span class='ocrx_word' id='word_1_243' title='bbox 750 1681 1078 1731; x_wconf 87' lang='lat' dir='ltr'>subrogationem</span> <span class='ocrx_word' id='word_1_244' title='bbox 1094 1680 1260 1721; x_wconf 83' lang='lat' dir='ltr'>familiae</span> <span class='ocrx_word' id='word_1_245' title='bbox 1280 1693 1472 1720; x_wconf 88' lang='lat' dir='ltr'>coercere</span> <span class='ocrx_word' id='word_1_246' title='bbox 1491 1681 1625 1720; x_wconf 91' lang='lat' dir='ltr'>voluit</span> <span class='ocrx_word' id='word_1_247' title='bbox 1645 1681 1694 1720; x_wconf 90' lang='lat' dir='ltr'>ad</span> <span class='ocrx_word' id='word_1_248' title='bbox 1707 1680 1839 1722; x_wconf 84' lang='lat' dir='ltr'>solum</span> 
     </span>
     <span class='ocr_line' id='line_1_31' title="bbox 511 1732 1837 1780; baseline -0.005 -1"><span class='ocrx_word' id='word_1_249' title='bbox 511 1739 649 1779; x_wconf 86' lang='lat' dir='ltr'>casum</span> <span class='ocrx_word' id='word_1_250' title='bbox 679 1733 943 1776; x_wconf 66' lang='lat' dir='ltr'>extinstiouis</span> <span class='ocrx_word' id='word_1_251' title='bbox 961 1733 1139 1779; x_wconf 83' lang='lat' dir='ltr'>alicujus</span> <span class='ocrx_word' id='word_1_252' title='bbox 1173 1746 1220 1773; x_wconf 89' lang='lat' dir='ltr'>ex</span> <span class='ocrx_word' id='word_1_253' title='bbox 1238 1733 1410 1776; x_wconf 83' lang='lat' dir='ltr'>familiis</span> <span class='ocrx_word' id='word_1_254' title='bbox 1428 1735 1474 1772; x_wconf 87' lang='lat' dir='ltr'>ab</span> <span class='ocrx_word' id='word_1_255' title='bbox 1491 1732 1578 1780; x_wconf 83' lang='lat' dir='ltr'>ipso</span> <span class='ocrx_word' id='word_1_256' title='bbox 1595 1732 1837 1779; x_wconf 86' lang='lat' dir='ltr'>nominatis,</span> 
     </span>
     <span class='ocr_line' id='line_1_32' title="bbox 515 1784 1833 1834; baseline -0.005 -3"><span class='ocrx_word' id='word_1_257' title='bbox 515 1803 610 1831; x_wconf 86' lang='lat' dir='ltr'>cum</span> <span class='ocrx_word' id='word_1_258' title='bbox 637 1788 686 1829; x_wconf 91' lang='lat' dir='ltr'>de</span> <span class='ocrx_word' id='word_1_259' title='bbox 721 1789 812 1834; x_wconf 85' lang='lat' dir='ltr'>jure</span> <span class='ocrx_word' id='word_1_260' title='bbox 841 1784 1144 1825; x_wconf 86' lang='lat' dir='ltr'>substitutiones</span> <span class='ocrx_word' id='word_1_261' title='bbox 1172 1787 1445 1831; x_wconf 79' lang='lat' dir='ltr'>extensionem</span> <span class='ocrx_word' id='word_1_262' title='bbox 1476 1792 1555 1824; x_wconf 82' lang='lat' dir='ltr'>&#39;non</span> <span class='ocrx_word' id='word_1_263' title='bbox 1582 1785 1833 1825; x_wconf 87' lang='lat' dir='ltr'>admittant.</span> 
     </span>
     <span class='ocr_line' id='line_1_33' title="bbox 510 1834 1867 1893; baseline -0.001 -14"><span class='ocrx_word' id='word_1_264' title='bbox 510 1847 597 1893; x_wconf 81' lang='lat' dir='ltr'>Leg.</span> <span class='ocrx_word' id='word_1_265' title='bbox 616 1845 662 1881; x_wconf 81' lang='lat' dir='ltr'>Si</span> <span class='ocrx_word' id='word_1_266' title='bbox 676 1844 755 1891; x_wconf 82' lang='lat' dir='ltr'>quis</span> <span class='ocrx_word' id='word_1_267' title='bbox 772 1843 826 1878; x_wconf 74' lang='lat' dir='ltr'>ita</span> <span class='ocrx_word' id='word_1_268' title='bbox 842 1847 881 1883; x_wconf 55' lang='grc' dir='ltr'>ὃ.</span> <span class='ocrx_word' id='word_1_269' title='bbox 895 1836 1096 1887; x_wconf 73' lang='lat' dir='ltr'>penultimo</span> <span class='ocrx_word' id='word_1_270' title='bbox 1104 1838 1151 1886; x_wconf 81' lang='lat' dir='ltr'>ff,</span> <span class='ocrx_word' id='word_1_271' title='bbox 1166 1839 1211 1876; x_wconf 85' lang='lat' dir='ltr'>de</span> <span class='ocrx_word' id='word_1_272' title='bbox 1228 1839 1383 1888; x_wconf 80' lang='lat' dir='ltr'>Testibus</span> <span class='ocrx_word' id='word_1_273' title='bbox 1400 1862 1413 1882; x_wconf 86' lang='lat'>‚</span> <span class='ocrx_word' id='word_1_274' title='bbox 1441 1839 1570 1879; x_wconf 77' lang='lat' dir='ltr'>Natta</span> <span class='ocrx_word' id='word_1_275' title='bbox 1603 1837 1717 1887; x_wconf 79' lang='lat' dir='ltr'>confil.</span> <span class='ocrx_word' id='word_1_276' title='bbox 1740 1849 1758 1881; x_wconf 87' lang='lat'>5</span> <span class='ocrx_word' id='word_1_277' title='bbox 1769 1848 1829 1879; x_wconf 77' lang='lat'>51.</span> <span class='ocrx_word' id='word_1_278' title='bbox 1864 1834 1867 1837; x_wconf 48' lang='grc'><strong>”</strong></span> 
     </span>
     <span class='ocr_line' id='line_1_34' title="bbox 509 1891 1835 1939; baseline -0.005 -4"><span class='ocrx_word' id='word_1_279' title='bbox 509 1906 679 1939; x_wconf 83' lang='lat' dir='ltr'>num.25.</span> <span class='ocrx_word' id='word_1_280' title='bbox 698 1919 711 1938; x_wconf 92' lang='lat'>,</span> <span class='ocrx_word' id='word_1_281' title='bbox 743 1895 824 1931; x_wconf 81' lang='lat' dir='ltr'>Rot.</span> <span class='ocrx_word' id='word_1_282' title='bbox 842 1895 880 1929; x_wconf 80' lang='lat' dir='ltr'>in</span> <span class='ocrx_word' id='word_1_283' title='bbox 895 1898 1053 1930; x_wconf 68' lang='lat' dir='ltr'>annotat.</span> <span class='ocrx_word' id='word_1_284' title='bbox 1071 1891 1121 1928; x_wconf 81' lang='lat' dir='ltr'>ad</span> <span class='ocrx_word' id='word_1_285' title='bbox 1132 1891 1267 1939; x_wconf 79' lang='lat' dir='ltr'>decifi3</span> <span class='ocrx_word' id='word_1_286' title='bbox 1279 1904 1340 1929; x_wconf 74' lang='grc' dir='ltr'>ιο.</span> <span class='ocrx_word' id='word_1_287' title='bbox 1355 1903 1449 1928; x_wconf 82' lang='lat' dir='ltr'>num.</span> <span class='ocrx_word' id='word_1_288' title='bbox 1469 1895 1504 1929; x_wconf 84' lang='lat'>8.</span> <span class='ocrx_word' id='word_1_289' title='bbox 1517 1896 1670 1939; x_wconf 83' lang='lat' dir='ltr'>part.&#39;·9.</span> <span class='ocrx_word' id='word_1_290' title='bbox 1689 1899 1775 1928; x_wconf 81' lang='lat' dir='ltr'>tom.</span> <span class='ocrx_word' id='word_1_291' title='bbox 1801 1903 1835 1929; x_wconf 79' lang='lat'>2.</span> 
     </span>
     <span class='ocr_line' id='line_1_35' title="bbox 507 1941 1840 1993; baseline -0.008 -4"><span class='ocrx_word' id='word_1_292' title='bbox 507 1949 662 1989; x_wconf 78' lang='lat' dir='ltr'>Recent.</span> <span class='ocrx_word' id='word_1_293' title='bbox 681 1975 691 1986; x_wconf 84' lang='lat'>.</span> <span class='ocrx_word' id='word_1_294' title='bbox 721 1944 906 1984; x_wconf 87' lang='lat' dir='ltr'>Maxime</span> <span class='ocrx_word' id='word_1_295' title='bbox 921 1943 1015 1993; x_wconf 90' lang='lat' dir='ltr'>quia</span> <span class='ocrx_word' id='word_1_296' title='bbox 1032 1941 1219 1982; x_wconf 84' lang='lat' dir='ltr'>Testator</span> <span class='ocrx_word' id='word_1_297' title='bbox 1251 1946 1341 1982; x_wconf 85' lang='lat' dir='ltr'>usus</span> <span class='ocrx_word' id='word_1_298' title='bbox 1370 1941 1451 1981; x_wconf 87' lang='lat' dir='ltr'>fuit</span> <span class='ocrx_word' id='word_1_299' title='bbox 1476 1941 1722 1981; x_wconf 61' lang='lat' dir='ltr'>dictionibus</span> <span class='ocrx_word' id='word_1_300' title='bbox 1739 1941 1840 1990; x_wconf 77' lang='lat' dir='ltr'>:sn-</span> 
     </span>
     <span class='ocr_line' id='line_1_36' title="bbox 508 1993 1837 2047; baseline -0.005 -7"><span class='ocrx_word' id='word_1_301' title='bbox 508 2003 610 2040; x_wconf 84' lang='lat' dir='ltr'>dette</span> <span class='ocrx_word' id='word_1_302' title='bbox 637 2011 666 2033; x_wconf 89' lang='lat'>=</span> <span class='ocrx_word' id='word_1_303' title='bbox 682 1997 981 2045; x_wconf 69' lang='lat' dir='ltr'>suvranominare</span> <span class='ocrx_word' id='word_1_304' title='bbox 1007 2009 1035 2032; x_wconf 84' lang='lat'>=</span> <span class='ocrx_word' id='word_1_305' title='bbox 1077 2007 1162 2047; x_wconf 74' lang='lat' dir='ltr'>quae</span> <span class='ocrx_word' id='word_1_306' title='bbox 1196 1994 1496 2043; x_wconf 84' lang='lat' dir='ltr'>coercitionem</span> <span class='ocrx_word' id='word_1_307' title='bbox 1532 1995 1754 2043; x_wconf 73' lang='lat' dir='ltr'>important</span> <span class='ocrx_word' id='word_1_308' title='bbox 1785 1993 1837 2034; x_wconf 84' lang='lat' dir='ltr'>ad</span> 
     </span>
     <span class='ocr_line' id='line_1_37' title="bbox 511 2044 1837 2093; baseline -0.006 -1"><span class='ocrx_word' id='word_1_309' title='bbox 511 2054 646 2093; x_wconf 84' lang='lat' dir='ltr'>casum</span> <span class='ocrx_word' id='word_1_310' title='bbox 663 2048 908 2089; x_wconf 76' lang='lat' dir='ltr'>deficientiae</span> <span class='ocrx_word' id='word_1_311' title='bbox 937 2046 1113 2093; x_wconf 77' lang='lat' dir='ltr'>alicuius</span> <span class='ocrx_word' id='word_1_312' title='bbox 1145 2060 1191 2088; x_wconf 84' lang='lat' dir='ltr'>ex</span> <span class='ocrx_word' id='word_1_313' title='bbox 1210 2047 1380 2087; x_wconf 81' lang='lat' dir='ltr'>familiis</span> <span class='ocrx_word' id='word_1_314' title='bbox 1412 2047 1450 2085; x_wconf 91' lang='lat' dir='ltr'>in</span> <span class='ocrx_word' id='word_1_315' title='bbox 1469 2044 1732 2087; x_wconf 87' lang='lat' dir='ltr'>Testamento</span> <span class='ocrx_word' id='word_1_316' title='bbox 1763 2058 1837 2084; x_wconf 86' lang='lat' dir='ltr'>no-</span> 
     </span>
     <span class='ocr_line' id='line_1_38' title="bbox 511 2096 1837 2151; baseline -0.006 -6"><span class='ocrx_word' id='word_1_317' title='bbox 511 2103 680 2145; x_wconf 81' lang='lat' dir='ltr'>minatis</span> <span class='ocrx_word' id='word_1_318' title='bbox 698 2128 711 2148; x_wconf 85' lang='lat'><strong>‚</strong></span> <span class='ocrx_word' id='word_1_319' title='bbox 741 2099 1148 2150; x_wconf 77' lang='lat' dir='ltr'>Rot.decifi23.num.4.</span> <span class='ocrx_word' id='word_1_320' title='bbox 1162 2111 1256 2151; x_wconf 81' lang='lat' dir='ltr'>part.</span> <span class='ocrx_word' id='word_1_321' title='bbox 1277 2111 1290 2140; x_wconf 79' lang='grc' dir='ltr'>Ι</span> <span class='ocrx_word' id='word_1_322' title='bbox 1306 2114 1336 2139; x_wconf 87' lang='lat'>1.</span> <span class='ocrx_word' id='word_1_323' title='bbox 1353 2099 1506 2139; x_wconf 82' lang='lat' dir='ltr'>Recent.</span> <span class='ocrx_word' id='word_1_324' title='bbox 1523 2127 1536 2138; x_wconf 86' lang='lat'><strong>.</strong></span> <span class='ocrx_word' id='word_1_325' title='bbox 1566 2097 1656 2139; x_wconf 85' lang='lat' dir='ltr'>Nec</span> <span class='ocrx_word' id='word_1_326' title='bbox 1672 2096 1804 2138; x_wconf 80' lang='lat' dir='ltr'>obeffe</span> <span class='ocrx_word' id='word_1_327' title='bbox 1818 2119 1837 2142; x_wconf 64' lang='lat'>9</span> 
     </span>
     <span class='ocr_line' id='line_1_39' title="bbox 512 2149 1832 2208; baseline -0.006 -11"><span class='ocrx_word' id='word_1_328' title='bbox 512 2157 618 2208; x_wconf 83' lang='lat' dir='ltr'>quod</span> <span class='ocrx_word' id='word_1_329' title='bbox 637 2155 824 2195; x_wconf 87' lang='lat' dir='ltr'>Testator</span> <span class='ocrx_word' id='word_1_330' title='bbox 842 2154 916 2191; x_wconf 82' lang='lat' dir='ltr'>suae</span> <span class='ocrx_word' id='word_1_331' title='bbox 932 2153 1160 2193; x_wconf 88' lang='lat' dir='ltr'>voluntatis</span> <span class='ocrx_word' id='word_1_332' title='bbox 1190 2153 1482 2193; x_wconf 87' lang='lat' dir='ltr'>executionem</span> <span class='ocrx_word' id='word_1_333' title='bbox 1513 2149 1645 2202; x_wconf 88' lang='lat' dir='ltr'>quoad</span> <span class='ocrx_word' id='word_1_334' title='bbox 1672 2149 1832 2191; x_wconf 84' lang='lat' dir='ltr'>subfidii</span> 
     </span>
     <span class='ocr_line' id='line_1_40' title="bbox 510 2202 1835 2254; baseline -0.007 -5"><span class='ocrx_word' id='word_1_335' title='bbox 510 2209 663 2250; x_wconf 88' lang='lat' dir='ltr'>dotalis</span> <span class='ocrx_word' id='word_1_336' title='bbox 695 2205 990 2253; x_wconf 69' lang='lat' dir='ltr'>praestationem</span> <span class='ocrx_word' id='word_1_337' title='bbox 1006 2213 1205 2254; x_wconf 80' lang='lat' dir='ltr'>perpetuo</span> <span class='ocrx_word' id='word_1_338' title='bbox 1222 2204 1441 2250; x_wconf 73' lang='lat' dir='ltr'>adimpleri</span> <span class='ocrx_word' id='word_1_339' title='bbox 1458 2202 1835 2247; x_wconf 87' lang='lat' dir='ltr'>mandaverit‚cum</span> 
     </span>
     <span class='ocr_line' id='line_1_41' title="bbox 510 2254 1835 2310; baseline -0.006 -9"><span class='ocrx_word' id='word_1_340' title='bbox 510 2260 767 2310; x_wconf 81' lang='lat' dir='ltr'>perpetuitas</span> <span class='ocrx_word' id='word_1_341' title='bbox 788 2256 1119 2307; x_wconf 65' lang='lat' dir='ltr'>intelligenda-sit</span> <span class='ocrx_word' id='word_1_342' title='bbox 1146 2259 1258 2304; x_wconf 79' lang='lat' dir='ltr'>juxta</span> <span class='ocrx_word' id='word_1_343' title='bbox 1271 2258 1490 2303; x_wconf 67' lang='lat' dir='ltr'>subjet‘tam</span> <span class='ocrx_word' id='word_1_344' title='bbox 1515 2255 1764 2300; x_wconf 81' lang='lat' dir='ltr'>materiam,</span> <span class='ocrx_word' id='word_1_345' title='bbox 1795 2254 1835 2294; x_wconf 74' lang='lat' dir='ltr'>St</span> 
     </span>
     <span class='ocr_line' id='line_1_42' title="bbox 511 2308 1838 2363; baseline -0.007 -10"><span class='ocrx_word' id='word_1_346' title='bbox 511 2314 695 2363; x_wconf 67' lang='lat' dir='ltr'>adhesive</span> <span class='ocrx_word' id='word_1_347' title='bbox 716 2313 764 2351; x_wconf 86' lang='lat' dir='ltr'>ad</span> <span class='ocrx_word' id='word_1_348' title='bbox 784 2323 831 2350; x_wconf 90' lang='lat' dir='ltr'>ea</span> <span class='ocrx_word' id='word_1_349' title='bbox 847 2336 859 2355; x_wconf 94' lang='lat'>,</span> <span class='ocrx_word' id='word_1_350' title='bbox 878 2322 961 2359; x_wconf 75' lang='lat' dir='ltr'>qua:</span> <span class='ocrx_word' id='word_1_351' title='bbox 975 2308 1161 2359; x_wconf 81' lang='lat' dir='ltr'>dispofita</span> <span class='ocrx_word' id='word_1_352' title='bbox 1176 2312 1223 2349; x_wconf 90' lang='lat' dir='ltr'>ab</span> <span class='ocrx_word' id='word_1_353' title='bbox 1242 2310 1326 2358; x_wconf 79' lang='lat' dir='ltr'>ipso</span> <span class='ocrx_word' id='word_1_354' title='bbox 1344 2308 1507 2348; x_wconf 89' lang='lat' dir='ltr'>fuerant</span> <span class='ocrx_word' id='word_1_355' title='bbox 1522 2337 1532 2347; x_wconf 88' lang='lat'>.</span> <span class='ocrx_word' id='word_1_356' title='bbox 1551 2309 1693 2358; x_wconf 83' lang='lat' dir='ltr'>Leg.Et</span> <span class='ocrx_word' id='word_1_357' title='bbox 1704 2311 1838 2358; x_wconf 78' lang='lat' dir='ltr'>inper-</span> 
     </span>
     <span class='ocr_line' id='line_1_43' title="bbox 506 2359 1819 2416; baseline -0.006 -12"><span class='ocrx_word' id='word_1_358' title='bbox 506 2377 657 2416; x_wconf 79' lang='lat' dir='ltr'>petuum</span> <span class='ocrx_word' id='word_1_359' title='bbox 679 2365 722 2415; x_wconf 76' lang='lat' dir='ltr'><em>ff</em></span> <span class='ocrx_word' id='word_1_360' title='bbox 741 2366 786 2402; x_wconf 76' lang='lat' dir='ltr'>de</span> <span class='ocrx_word' id='word_1_361' title='bbox 799 2364 1029 2402; x_wconf 78' lang='lat' dir='ltr'>Procurator.</span> <span class='ocrx_word' id='word_1_362' title='bbox 1046 2388 1060 2408; x_wconf 90' lang='lat'>‚</span> <span class='ocrx_word' id='word_1_363' title='bbox 1097 2363 1256 2403; x_wconf 57' lang='lat' dir='ltr'>Carastde</span> <span class='ocrx_word' id='word_1_364' title='bbox 1269 2364 1369 2401; x_wconf 78' lang='lat' dir='ltr'>Luca</span> <span class='ocrx_word' id='word_1_365' title='bbox 1384 2364 1429 2400; x_wconf 86' lang='lat' dir='ltr'>de</span> <span class='ocrx_word' id='word_1_366' title='bbox 1443 2364 1570 2410; x_wconf 57' lang='lat' dir='ltr'>Legem</span> <span class='ocrx_word' id='word_1_367' title='bbox 1585 2359 1738 2411; x_wconf 71' lang='lat' dir='ltr'>discurs.</span> <span class='ocrx_word' id='word_1_368' title='bbox 1755 2371 1819 2402; x_wconf 79' lang='grc'>33.</span> 
     </span>
     <span class='ocr_line' id='line_1_44' title="bbox 511 2432 666 2465; baseline 0.013 -10"><span class='ocrx_word' id='word_1_369' title='bbox 511 2432 606 2460; x_wconf 78' lang='lat' dir='ltr'>num.</span> <span class='ocrx_word' id='word_1_370' title='bbox 628 2432 666 2465; x_wconf 80' lang='lat'>4.</span> 
     </span>
    </p>

    <p class='ocr_par' dir='ltr' id='par_1_5' title="bbox 456 2460 1835 2727">
     <span class='ocr_line' id='line_1_45' title="bbox 456 2460 1831 2516; baseline -0.007 -6"><span class='ocrx_word' id='word_1_371' title='bbox 456 2471 654 2510; x_wconf 84' lang='lat' dir='ltr'>Advertit</span> <span class='ocrx_word' id='word_1_372' title='bbox 676 2466 1109 2515; x_wconf 80' lang='lat' dir='ltr'>insuper,Testatorem</span> <span class='ocrx_word' id='word_1_373' title='bbox 1123 2479 1192 2516; x_wconf 81' lang='lat' dir='ltr'>per</span> <span class='ocrx_word' id='word_1_374' title='bbox 1214 2467 1513 2507; x_wconf 88' lang='lat' dir='ltr'>institutionem</span> <span class='ocrx_word' id='word_1_375' title='bbox 1546 2464 1696 2505; x_wconf 87' lang='lat' dir='ltr'>dotalis</span> <span class='ocrx_word' id='word_1_376' title='bbox 1712 2460 1831 2502; x_wconf 79' lang='lat' dir='ltr'>subfi-</span> 
     </span>
     <span class='ocr_line' id='line_1_46' title="bbox 508 2513 1828 2570; baseline -0.005 -11"><span class='ocrx_word' id='word_1_377' title='bbox 508 2522 565 2560; x_wconf 88' lang='lat' dir='ltr'>dii</span> <span class='ocrx_word' id='word_1_378' title='bbox 581 2522 774 2570; x_wconf 84' lang='lat' dir='ltr'>primario</span> <span class='ocrx_word' id='word_1_379' title='bbox 789 2519 998 2568; x_wconf 75' lang='lat' dir='ltr'>respexisse</span> <span class='ocrx_word' id='word_1_380' title='bbox 1013 2520 1278 2559; x_wconf 85' lang='lat' dir='ltr'>commodum</span> <span class='ocrx_word' id='word_1_381' title='bbox 1299 2545 1311 2565; x_wconf 94' lang='lat'>,</span> <span class='ocrx_word' id='word_1_382' title='bbox 1331 2520 1369 2559; x_wconf 73' lang='lat' dir='ltr'>Sc</span> <span class='ocrx_word' id='word_1_383' title='bbox 1390 2519 1621 2567; x_wconf 81' lang='lat' dir='ltr'>utilitatem</span> <span class='ocrx_word' id='word_1_384' title='bbox 1637 2513 1828 2555; x_wconf 84' lang='lat' dir='ltr'>Familia·</span> 
     </span>
     <span class='ocr_line' id='line_1_47' title="bbox 510 2566 1830 2624; baseline -0.008 -10"><span class='ocrx_word' id='word_1_385' title='bbox 510 2586 598 2611; x_wconf 85' lang='lat' dir='ltr'>rum</span> <span class='ocrx_word' id='word_1_386' title='bbox 615 2599 628 2618; x_wconf 87' lang='lat'>‚</span> <span class='ocrx_word' id='word_1_387' title='bbox 667 2585 762 2624; x_wconf 81' lang='lat' dir='ltr'>quas</span> <span class='ocrx_word' id='word_1_388' title='bbox 783 2572 864 2622; x_wconf 86' lang='lat' dir='ltr'>ipse</span> <span class='ocrx_word' id='word_1_389' title='bbox 884 2572 1115 2615; x_wconf 86' lang='lat' dir='ltr'>nominavit</span> <span class='ocrx_word' id='word_1_390' title='bbox 1135 2601 1145 2613; x_wconf 84' lang='lat'><strong>.</strong></span> <span class='ocrx_word' id='word_1_391' title='bbox 1176 2572 1444 2615; x_wconf 86' lang='lat' dir='ltr'>Hancautem</span> <span class='ocrx_word' id='word_1_392' title='bbox 1477 2566 1830 2618; x_wconf 60' lang='lat' dir='ltr'>praedilectionem</span> 
     </span>
     <span class='ocr_line' id='line_1_48' title="bbox 507 2620 1835 2668; baseline -0.006 -4"><span class='ocrx_word' id='word_1_393' title='bbox 507 2625 575 2664; x_wconf 86' lang='lat' dir='ltr'>vel</span> <span class='ocrx_word' id='word_1_394' title='bbox 602 2624 866 2667; x_wconf 66' lang='lat' dir='ltr'>frustraneam</span> <span class='ocrx_word' id='word_1_395' title='bbox 884 2626 1052 2664; x_wconf 88' lang='lat' dir='ltr'>omnino</span> <span class='ocrx_word' id='word_1_396' title='bbox 1073 2624 1216 2668; x_wconf 83' lang='lat' dir='ltr'>reddi,</span> <span class='ocrx_word' id='word_1_397' title='bbox 1234 2625 1298 2663; x_wconf 88' lang='lat' dir='ltr'>vel</span> <span class='ocrx_word' id='word_1_398' title='bbox 1315 2623 1535 2663; x_wconf 88' lang='lat' dir='ltr'>admodum</span> <span class='ocrx_word' id='word_1_399' title='bbox 1553 2620 1721 2660; x_wconf 91' lang='lat' dir='ltr'>dubium</span> <span class='ocrx_word' id='word_1_400' title='bbox 1741 2643 1754 2664; x_wconf 90' lang='lat'>,</span> <span class='ocrx_word' id='word_1_401' title='bbox 1787 2630 1835 2658; x_wconf 88' lang='lat' dir='ltr'>ac</span> 
     </span>
     <span class='ocr_line' id='line_1_49' title="bbox 507 2670 1832 2727; baseline -0.006 -11"><span class='ocrx_word' id='word_1_402' title='bbox 507 2675 793 2724; x_wconf 81' lang='lat' dir='ltr'>perdifficilem</span> <span class='ocrx_word' id='word_1_403' title='bbox 813 2678 925 2717; x_wconf 85' lang='lat' dir='ltr'>illius</span> <span class='ocrx_word' id='word_1_404' title='bbox 942 2679 1133 2718; x_wconf 63' lang='lat' dir='ltr'>effet‘tum</span> <span class='ocrx_word' id='word_1_405' title='bbox 1151 2703 1165 2724; x_wconf 93' lang='lat'>‚</span> <span class='ocrx_word' id='word_1_406' title='bbox 1191 2678 1217 2716; x_wconf 87' lang='lat' dir='ltr'>fi</span> <span class='ocrx_word' id='word_1_407' title='bbox 1234 2677 1315 2726; x_wconf 75' lang='lat' dir='ltr'>post</span> <span class='ocrx_word' id='word_1_408' title='bbox 1328 2677 1542 2727; x_wconf 89' lang='lat' dir='ltr'>sequutam</span> <span class='ocrx_word' id='word_1_409' title='bbox 1560 2670 1832 2711; x_wconf 81' lang='lat' dir='ltr'>Familiarum</span> 
     </span>
    </p>
   </div>
   <div class='ocr_carea' id='block_1_2' title="bbox 504 2724 1841 2814">
    <p class='ocr_par' dir='ltr' id='par_1_6' title="bbox 504 2724 1841 2814">
     <span class='ocr_line' id='line_1_50' title="bbox 504 2724 1839 2779; baseline -0.004 -13"><span class='ocrx_word' id='word_1_410' title='bbox 504 2728 834 2779; x_wconf 78' lang='lat' dir='ltr'>subrogationem</span> <span class='ocrx_word' id='word_1_411' title='bbox 850 2753 864 2774; x_wconf 87' lang='lat'>‚</span> <span class='ocrx_word' id='word_1_412' title='bbox 887 2732 977 2770; x_wconf 79' lang='lat' dir='ltr'>aliae</span> <span class='ocrx_word' id='word_1_413' title='bbox 995 2731 1130 2772; x_wconf 87' lang='lat' dir='ltr'>denuo</span> <span class='ocrx_word' id='word_1_414' title='bbox 1165 2730 1206 2770; x_wconf 87' lang='lat' dir='ltr'>in</span> <span class='ocrx_word' id='word_1_415' title='bbox 1220 2730 1517 2771; x_wconf 75' lang='lat' dir='ltr'>carumlocum</span> <span class='ocrx_word' id='word_1_416' title='bbox 1533 2724 1799 2775; x_wconf 82' lang='lat' dir='ltr'>subrogentur</span> <span class='ocrx_word' id='word_1_417' title='bbox 1823 2747 1839 2767; x_wconf 89' lang='lat'>‚</span> 
     </span>
     <span class='ocr_line' id='line_1_51' title="bbox 1753 2783 1841 2814; baseline 0 -1"><span class='ocrx_word' id='word_1_418' title='bbox 1753 2783 1841 2814; x_wconf 88' lang='lat' dir='ltr'>tam</span> 
     </span>
    </p>
   </div>
  </div>
 </body>
</html>
