1924 2955
546 134 600 178 95
1032 121 1211 172 17.Julii
1246 133 1359 168 1773.

541 181 678 223 habita
717 180 783 219 die
819 177 1008 226 12.}unii
1036 177 1221 222 proxime
1252 176 1400 223 elapsi,
1435 185 1516 225 quo
1533 174 1603 215 die
1632 179 1878 221 eorumdem

539 235 757 274 dubiorum
775 232 965 272 definitio
997 229 1269 273 imminebat,
1306 227 1623 267 Eirrinentisslmi
1661 229 1734 270 PP.
1769 234 1880 272 resd-
1919 252 1924 258 ·

539 287 749 337 lurionem
766 284 933 324 differre
956 281 1270 324 existimarunt.
1302 279 1490 321 Psaebuit
1501 280 1871 325 dilationicausam

542 339 714 378 reflexio
733 362 744 380 ‚
776 335 910 387 quod:
917 334 1016 374 licet
1038 333 1245 375 Parochus
1265 335 1380 383 gravi
1413 332 1558 381 preffus
1591 345 1828 383 paupertate
1858 365 1872 384 ‚

540 391 742 434 inhabilis
770 388 940 432 omnino
959 385 1056 426 esset
1071 387 1118 426 ad
1142 387 1363 426 iubeundas
1376 384 1547 434 huiusce
1563 386 1651 426 litis
1668 390 1873 438 expensas,

542 443 742 485 nonnulla
761 450 900 479 tamen
932 440 1130 488 Episcopo
1151 440 1390 491 exhibuerat
1409 439 1508 477 lolia
1531 439 1681 478 Italico
1692 440 1874 481 idioma-

543 507 594 537 te
622 495 667 533 ab
684 490 950 541 ‘ipsosexarata
966 517 979 535 ‚
1006 494 1153 543 quibus
1174 486 1259 530 sua}
1269 492 1451 532 Ecclcfiae
1473 493 1560 537 jura
1580 492 1774 537 meliori,
1792 506 1872 546 quo

542 546 672 598 posset
692 546 844 589 modo,
876 544 1089 589 vindicare
1120 553 1294 583 conatus
1309 544 1498 591 {fuerat
1536 543 1646 584 Hinc
1675 547 1873 598 quidquid

546 598 777 644 hujusmodi
795 598 895 636 folia
914 598 1177 638 continerent
1208 596 1399 646 prudenti
1427 598 1593 638 confilio
1622 561 1870 645 praenoscere

544 654 770 692 voluerunt
790 651 869 690 EE.
875 650 965 691 Vv.
985 674 998 694 ,
1029 651 1260 701 priusquam
1276 651 1325 688 ad
1343 650 1464 691 causa:
1479 650 1765 701 definitionem
1773 663 1872 700 pro-

544 705 773 745 cederent.
806 703 870 742 De
887 703 948 742 his
967 703 1092 752 igitur
1117 703 1156 741 in
1177 702 1360 752 praesenti
1382 703 1488 742 ratio
1520 704 1700 743 habenda
1721 696 1799 748 est,
1832 703 1870 742 Sc

549 757 744 808 quoniam
765 755 967 795 Parochns
987 756 1152 804 plures
1144 769 1182 793 in
1203 755 1344 794 iisdem
1363 754 1478 795 foliis
1504 757 1648 806 absque
1675 755 1839 794 delestu
1857 779 1872 799 ‚

550 817 676 859 atque
691 808 833 848 ordine
853 809 1033 847 rationes
1050 808 1254 857 exposuit,
1269 821 1398 856 opera:
1412 810 1591 856 pretium
1607 808 1685 847 erit
1701 808 1888 856 fingula,.

554 873 639 913 quae
659 861 808 900 ibidem
826 860 1090 900 recensentur
1111 859 1160 901 ad
1179 859 1531 910 infrascriptorum
1564 860 1781 901 dubiorum
1805 872 1875 899 or-

556 915 694 954 dinem
712 913 827 964 redig
832 926 928 953 erc.

500 969 592 1018 Itaq
597 980 645 1005 ue
663 966 761 1005 adl.
781 991 794 1009 ‚
804 928 864 1006 g&
883 966 937 1005 11.
954 966 1123 1005 dubium
1139 967 1294 1007 fatetur
1311 968 1515 1007 Parochus
1534 993 1546 1013 ,
1574 948 1870 1016 expositionem

551 982 812 1060 Sanc‘tiffimae
832 1019 1087 1057 Eucharistiae
1104 1044 1116 1062 ‚
1146 1021 1184 1060 Sc
1217 1021 1545 1060 benedi‘rionem
1564 1045 1575 1064 ,
1602 1031 1707 1068 quae
1700 1020 1804 1056 'curn
1826 1029 1876 1056 ea

544 1073 593 1112 fit
613 1071 728 1119 super
746 1070 945 1119 Populum
974 1083 1052 1109 non
1069 1071 1144 1111 esse
1163 1072 1211 1111 de
1231 1074 1386 1117 juribus
1403 1073 1514 1111 mer'e
1530 1070 1867 1110 parochialibus:

543 1122 778 1164 Contendit
794 1124 1062 1162 nihilominus
1079 1125 1263 1163 Parocho
1276 1124 1487 1174 praepediri
1518 1137 1595 1163 non
1615 1120 1723 1169 posse
1740 1147 1752 1166 ‚
1771 1134 1870 1173 quo·

546 1175 683 1215 minus
702 1198 716 1218 ‚
745 1176 770 1213 si
786 1176 890 1215 velit
906 1202 918 1220 ‚
947 1176 1277 1216 benedictionem
1295 1190 1364 1226 per
1380 1179 1419 1216 se
1438 1176 1699 1224 impertiatur
1714 1204 1724 1213 .
1743 1174 1787 1213 ld
1805 1174 1874 1212 de·

549 1228 677 1268 cisum
696 1226 823 1267 refert
852 1240 872 1267 a
893 1228 929 1266 S.
964 1228 1291 1278 Congregatione
1315 1230 1366 1269 jn
1379 1229 1743 1277 Ferrarien.7urium
1759 1228 1875 1265 Paro·-

550 1281 805 1320 chialiumaz.
820 1283 957 1318 Marcii
983 1285 1097 1328 1698.
1112 1307 1124 1326 ,
1155 1282 1258 1329 apud
1279 1281 1562 1321 Monacellum
1597 1291 1681 1318 tom.
1703 1293 1732 1318 1.
1763 1281 1868 1316 tit..6

542 1334 656 1382 form.
665 1346 726 1371 20.
747 1347 841 1370 num
851 1332 1032 1384 3.qu
1040 1347 1088 1372 ue
1124 1333 1321 1373 ullimode
1340 1334 1542 1374 adversari
1563 1333 1725 1372 sustinet
1743 1333 1873 1381 poste-

544 1386 655 1424 riora
673 1385 839 1424 decreta
856 1386 892 1424 S.
902 1385 1072 1425 Rituum
1091 1384 1177 1425 Con
1181 1386 1430 1436 gregationis
1462 1386 1556 1425 anni
1577 1397 1689 1432 1703.
1708 1410 1718 1429 ‚
1749 1393 1875 1423 curn.»

546 1438 588 1475 in
608 1436 673 1474 hi¹
668 1450 714 1476 ce
745 1438 924 1476 decretis
952 1439 1010 1476 nil
1042 1437 1152 1477 aliud
1183 1439 1440 1478 declaratum
1466 1435 1593 1477 fuerit
1624 1463 1637 1482 ‚
1664 1436 1733 1474 nisi
1766 1434 1875 1485 quod

547 1489 744 1536 expositio
776 1487 1023 1527 Sanffiffimi
1043 1490 1294 1529 Sacramenti
1312 1515 1325 1534 ‚
1357 1495 1394 1529 dc
1416 1489 1647 1529 benedictio
1665 1501 1741 1527 non
1759 1489 1804 1526 fit
1821 1487 1872 1525 de

545 1540 701 1587 juribus
730 1542 860 1580 strifte
890 1540 1192 1581 parochialibus
1220 1568 1232 1587 ‚
1274 1543 1312 1582 Sc
1339 1551 1562 1591 utrumque
1595 1540 1633 1579 in
1661 1540 1871 1580 Oratoriis

545 1591 950 1632 confraternitatum
970 1594 1097 1632 etiam
1111 1594 1421 1633 contradicente
1436 1593 1617 1631 Parocho
1631 1592 1716 1630 fieri
1734 1591 1870 1640 pellit,

546 1654 596 1685 nt
613 1645 662 1682 ad
680 1647 746 1682 XI.
764 1670 775 1689 ,
794 1648 836 1688 ὠ·
851 1645 956 1682 XIII.
975 1647 1057 1681 dub.
1077 1674 1086 1682 .
1115 1644 1226 1683 Hinc
1241 1653 1373 1693 argut
1400 1645 1617 1691 posteriora
1638 1643 1871 1688 hujusmodi

544 1697 713 1736 decreta
743 1696 844 1734 nihil
864 1694 1069 1744 derogasse
1095 1696 1219 1742 priori
1238 1695 1364 1734 Sacrae
1389 1697 1503 1741 hujus
1519 1696 1868 1746 congregationis

545 1749 719 1794 decreto
735 1749 826 1786 anni
849 1752 960 1793 1698.
979 1772 991 1791 ,
1021 1747 1300 1797 proindeque,
1330 1748 1484 1791 rejesto
1504 1748 1730 1797 Capeliano
1761 1747 1873 1787 Con-

548 1800 840 1844 fraternitatis‚
855 1798 959 1849 polse
979 1800 1205 1839 Parochum
1223 1824 1235 1844 ‚
1251 1801 1277 1838 fi
1294 1801 1398 1840 velit
1417 1825 1430 1846 ,
1450 1801 1777 1840 benedictionem
1797 1799 1871 1838 Po-

553 1853 653 1901 pulo
672 1852 866 1902 elargiri.

501 1910 629 1957 quue
644 1917 690 1943 ex
705 1917 754 1944 eo
772 1904 988 1944 confirmat
1002 1930 1014 1950 ‚
1045 1905 1150 1955 quod
1168 1907 1353 1955 quamvis
1383 1906 1422 1945 in
1440 1907 1582 1946 citatis
1602 1906 1781 1946 decretis
1805 1916 1872 1942 an-

550 1971 591 1998 ni
615 1970 730 2003 1703.
758 1956 972 1996 definitum
991 1957 1116 1997 fuerit
1132 1959 1179 1997 ad
1201 1959 1301 2004 V1.,
1329 1958 1495 1999 &VIR
1511 1959 1696 2002 dubium,
1709 1957 1872 1998 bencdi-

551 2011 706 2049 &iones
724 2009 976 2053 Mulierum,
1008 2012 1045 2049 &
1081 2010 1217 2049 Fontis
1250 2012 1533 2069 Baptismalis‚
1563 2023 1729 2051 necnon
1757 2010 1871 2050 cele-

551 2062 783 2102 brationem
801 2061 925 2100 Miffae
944 2062 1150 2102 sollemnis
1171 2063 1270 2102 feria
1289 2064 1362 2104 V.
1358 2077 1394 2102 in
1412 2063 1534 2103 Coena
1554 2065 1721 2102 Domini
1753 2074 1864 2101 nort,

549 2116 625 2156 effe
641 2114 690 2153 de
707 2114 858 2158 juribus
890 2115 997 2152 mere
1031 2113 1334 2155 parochialibus
1352 2143 1365 2161 ‚
1392 2116 1660 2155 nihilominus
1678 2114 1868 2154 additum

548 2166 630 2207 fuit
648 2190 661 2210 ‚
679 2166 1084 2213 benediffionesfieri
1100 2169 1227 2206 debere
1247 2182 1267 2205 a
1285 2169 1447 2207 Paros-ho
1464 2193 1477 2213 ‚
1493 2170 1531 2208 &
1544 2167 1869 2207 celebrationem

539 2221 702 2276 spefft'are
719 2221 767 2256 ad
784 2221 1008 2258 Parochum.
1041 2218 1181 2267 Qiare
1209 2221 1421 2259 concludit
1450 2233 1496 2259 ex
1525 2219 1766 2259 memoratis
1795 2229 1869 2267 ge-

544 2271 753 2313 neralibus
770 2272 949 2312 decretis
969 2273 1023 2310 nil
1043 2271 1155 2311 alind
1173 2273 1221 2312 ad
1241 2273 1439 2312 summum
1461 2271 1626 2317 inferri,
1658 2273 1728 2311 nisi
1789 2269 1868 2309 uod

540 2320 753 2368 Parochus
789 2325 988 2373 ἰηυκτάἰτε
1018 2337 1094 2364 non
1115 2325 1268 2376 poffitq
1276 2325 1461 2371 noi-ninus
1476 2336 1496 2362 a
1513 2324 1742 2371 Capeliano
1757 2283 1868 2361 gon-

545 2376 824 2420 fraternitatis
847 2403 856 2422 ,
885 2378 949 2416 vel
971 2376 1053 2416 alio
1073 2377 1295 2418 Sacerdote
1327 2375 1558 2417 ὺεηεάἰέὶὶο
1575 2377 1670 2423 fiat,
1703 2374 1868 2427 quoties

541 2441 681 2474 tamen
707 2429 789 2477 ipse
808 2430 912 2469 nolit
932 2441 1022 2469 eam
1040 2430 1228 2479 elargiri.

493 2486 561 2533 Ad
578 2484 650 2523 111.
668 2483 775 2530 quod
793 2483 946 2522 attinet
962 2508 973 2528 ,
1002 2492 1196 2532 provocat
1212 2482 1414 2521 Parochus
1431 2490 1518 2520 tum
1539 2481 1587 2521 ad
1602 2480 1867 2521 Constitutio-

546 2550 617 2577 nes
647 2533 872 2581 Synodales
903 2535 1094 2579 Dioecefis
1126 2535 1386 2579 Faventinae‚
1418 2535 1559 2585 quibus
1578 2533 1820 2583 praecipitur
1851 2555 1865 2574 s

552 2596 600 2633 ut
620 2587 657 2623 in
675 2587 883 2627 oratoriis
902 2586 1301 2627 Confraternitatum
1325 2587 1424 2624 nullo
1442 2586 1789 2635 modasallemniter
1805 2597 1866 2622 ce-

553 2642 713 2687 hiaretur
730 2664 740 2682 ‚
771 2653 836 2679 uec
852 2644 1089 2679 Sacramenta
1107 2640 1348 2688 ministrentur
1364 2664 1377 2684 ‚
1414 2638 1479 2677 vel
1493 2637 1697 2689 hujusmodi
1726 2638 1775 2674 ad
1789 2638 1866 2675 Pa-

553 2693 699 2734 rochum
726 2692 772 2728 de
778 2690 868 2743 jure
872 2693 1076 2743 Jpeflamia
1101 2702 1321 2744 peragantur
1349 2692 1477 2743 absque
1492 2691 1631 2742 nostr&
1659 2690 1866 2729 Parachive

1808 2751 1869 2778 cx·
