1924 2955
950 164 1010 191 22.
1031 150 1213 201 Januarn
1243 162 1357 199 1774,

499 204 727 244 Praesertim
756 205 847 252 quia
877 215 952 241 non
971 203 1279 248 incideriterlde
1297 202 1587 242 descendenti-a
1615 205 1815 255 discepta-

493 264 592 299 tur,
613 256 679 295 sed
696 257 856 306 qnaestio
873 255 1007 301 agitur
1025 267 1116 293 cum
1137 256 1184 293 iis
1199 280 1212 299 ,
1242 255 1310 305 qui
1342 266 1417 292 nou
1438 255 1566 294 solum
1596 257 1703 297 suam
1739 260 1811 296 de-

499 306 778 347 sc'endentiam
822 319 841 344 a
874 306 1086 345 'senatore
1116 307 1311 347 evincunt
1339 331 1352 350 ‚
1385 306 1450 344 sed
1466 308 1801 356 2antiquiis1mmn

495 361 625 400 *etiam
643 359 982 408 jurispatronatus
1000 358 1274 407 poffeffionem
1291 357 1516 397 ostendunt.
1534 359 1648 399 Hanc
1667 372 1806 400 autem

504 412 778 461 poliell'ionem
798 412 972 460 allegare
996 411 1164 449 minime
1182 411 1286 460 :io-se
1302 410 1468 449 Petrum
1487 411 1804 455 Antoniumaeu-

501 466 563 509 jus
581 463 758 508 Maiores
779 474 980 512 nunquam
998 465 1311 511 praei‘entarunt,
1341 475 1414 502 nec
1432 472 1628 514 tanquam
1662 465 1806 515 paifive

502 515 995 555 vocatinominationem
1011 517 1274 555 obtinuerunt
1293 545 1302 555 .

452 567 622 607 Addunt
640 567 816 612 ejusdem
840 568 1010 607 Martini
1027 568 1360 608 descendentiam
1388 580 1408 606 a
1426 567 1636 608 Testatore
1655 568 1808 609 nonnisi

500 631 622 669 quam
662 631 707 658 ex
726 617 906 658 foeminis
922 622 1082 659 tantum
1102 621 1286 670 cognatis
1302 658 1304 661 Α
1318 618 1423 666 posse
1450 632 1688 668 promanare
1704 646 1718 665 ,
1747 620 1814 660 sed

507 671 734 717 hujusmodi
763 671 1091 711 descendentiam
1119 674 1278 711 nullum
1297 674 1357 718 jus
1390 672 1451 710 illi
1485 675 1664 712 tribuere
1696 674 1813 721 super

503 724 757 772 Capelianiis
772 748 784 766 ‚
814 736 907 762 cum
927 724 1111 763 Testator
1140 727 1206 763 sub
1225 727 1389 762 nomine
1424 725 1520 761 aella
1541 729 1610 762 mia
1629 726 1718 774 Casa
1733 728 1815 762 Mo.

502 777 586 815 relli
615 788 692 814 non
708 776 809 813 alios
837 778 1188 825 comprehendere
1215 777 1428 821 voluerit,
1462 789 1579 825 quam
1610 779 1811 815 masculos

502 841 548 868 ex
565 829 754 866 masculis
781 853 793 871 ‚
836 838 906 867 aut
934 829 1078 868 saltem
1111 830 1307 868 masculos
1350 841 1395 867 ex
1430 828 1621 868 Foeminis
1652 830 1812 877 agnatis

509 881 619 920 card.
643 882 688 917 de
703 882 802 918 Luca
819 882 864 917 de
882 881 1116 930 Jurepatron.
1135 883 1290 928 dtsc.26.
1310 888 1448 920 nura.8.
1469 907 1482 925 ‚
1516 881 1601 920 Rot.
1620 886 1657 919 in
1680 881 1813 919 Nova-

508 937 599 972 rien.
638 931 956 982 Jurthltronattts
1003 939 1061 972 26.
1097 934 1206 983 Junii
1239 948 1351 984 1744.
1386 935 1422 982 ᾧ.
1446 947 1479 971 2.
1512 948 1629 972 coram
1646 934 1809 972 Molino.

503 985 612 1025 Hinc
648 984 829 1024 inferunt
858 985 1013 1024 dmum
1043 986 1214 1024 Martini
1243 999 1312 1035 pro
1344 985 1567 1034 illegitimo
1596 986 1814 1024 Contradi-

506 1038 616 1076 d‘tor'e
650 1036 877 1075 habendum
912 1037 988 1076 esse
1016 1064 1029 1082 ,
1075 1051 1148 1077 nec
1178 1040 1386 1087 propositae
1430 1037 1689 1077 transactioni
1722 1037 1812 1083 pos-

504 1090 544 1128 se
574 1088 780 1127 contraire
799 1113 813 1133 ‚
854 1091 1070 1141 multoque
1089 1091 1222 1130 minus
1241 1089 1394 1147 aliquid
1408 1141 1411 1145 .
1425 1099 1565 1133 contra
1582 1090 1695 1132 illam
1710 1088 1815 1132 exci-

504 1153 603 1191 pere
634 1169 644 1181 .

454 1201 510 1243 Ex
526 1192 606 1232 alia
624 1201 761 1232 autem
780 1201 893 1242 parte
923 1192 1067 1233 Petrus
1087 1194 1288 1233 Antonius
1306 1193 1474 1232 Martini
1510 1193 1801 1239 reprobandam

510 1242 675 1284 sustinet
701 1245 1014 1287 trausastionem
1046 1255 1189 1293 utpote
1227 1246 1436 1290 injustam,
1470 1255 1741 1294 gravantem,
1771 1245 1810 1284 δε

508 1297 682 1337 alterius
699 1298 800 1346 iuris
818 1298 987 1336 laefivam
1007 1323 1018 1342 ‚
1047 1311 1127 1347 quo
1155 1299 1243 1337 casu
1274 1298 1431 1336 etiamsi
1459 1297 1559 1335 inita
1590 1295 1716 1335 fuerit
1746 1308 1811 1335 re-

508 1348 635 1388 scindi
651 1358 842 1396 oportere
856 1350 1070 1388 contendit
1089 1373 1102 1393 ,
1135 1363 1182 1389 ne
1201 1350 1324 1389 alicui
1341 1362 1409 1397 per
1425 1350 1537 1397 paria
1555 1373 1567 1393 ‚
1582 1350 1618 1386 δε
1637 1360 1815 1386 conven-

508 1401 643 1440 tiones
672 1400 950 1449 praejudicium
983 1400 1181 1440 inferatur
1223 1404 1306 1440 Rot.
1336 1405 1374 1439 in
1406 1404 1554 1438 Recent.
1583 1401 1691 1449 deust
1720 1411 1811 1447 539·

509 1456 860 1501 uum.x.par.prima
876 1476 888 1495 ,
920 1454 1110 1502 &decffq
1123 1467 1180 1492 12.
1200 1458 1531 1500 num.19.part.16.
1550 1477 1562 1496 ‚
1596 1455 1638 1495 ὅ]
1654 1456 1691 1489 in
1701 1454 1811 1489 Mon·

509 1509 557 1543 tis
572 1503 709 1552 Falisci
725 1506 865 1549 Cambii
879 1506 991 1553 super
1007 1507 1166 1554 Capituli
1181 1504 1329 1555 4.‘Julii
1351 1519 1463 1553 ⁵754·
1482 1505 1503 1553 ᾧ
1523 1519 1560 1552 4.
1579 1530 1591 1549 ‚
1624 1507 1664 1548 τῇ·
1670 1504 1744 1550 fin.
1761 1517 1816 1541 co-

506 1571 585 1597 ram
613 1558 748 1605 Buffio.
778 1557 1012 1597 Gravamen
1033 1559 1159 1603 vero,
1188 1560 1225 1597 ὃ(
1257 1559 1537 1596 transactionis
1567 1556 1808 1600 injustitiam

507 1609 603 1650 satis
633 1608 672 1647 in
691 1608 872 1656 prasenti
905 1610 995 1648 casu
1025 1621 1069 1648 ex
1097 1623 1146 1650 eo
1177 1610 1402 1653 resultare,
1433 1608 1538 1658 quod
1567 1607 1812 1646 Patronatus

489 1661 636 1710 querit
666 1661 758 1706 aliis
775 1660 1000 1709 adscriptus
1029 1661 1114 1709 ipso
1133 1662 1296 1709 penitus
1314 1662 1474 1699 excluso
1491 1685 1505 1704 ‚
1535 1659 1720 1708 quamvis
1743 1671 1816 1708 po-

509 1711 713 1757 tiorijure
744 1710 929 1752 fruatur.
957 1712 1103 1753 Probat
1122 1714 1233 1753 enim
1265 1713 1373 1751 suam
1400 1710 1730 1751 descendentiam
1758 1721 1813 1748 a„

508 1763 683 1806 Familia
700 1763 868 1803 Morelli
899 1777 966 1813 per
982 1766 1164 1805 medium
1192 1765 1330 1803 Laurae
1347 1765 1437 1803 filiae
1457 1763 1619 1812 Joanuis
1635 1762 1815 1801 Antonii

509 1815 754 1856 Fundatoris
781 1814 918 1855 fratris
945 1842 958 1862 ,
1003 1829 1024 1855 a
1052 1829 1129 1867 qua
1156 1826 1294 1855 ortum
1325 1817 1463 1854 habuit
1500 1815 1667 1863 loannes
1693 1815 1812 1853 Pater
1846 1844 1850 1846 .

488 1867 730 1907 ·Michae1is
744 1868 894 1917 Angeli
910 1894 923 1913 ‚
950 1869 1017 1917 qui
1036 1869 1179 1917 genuit
1208 1867 1494 1906 Vexilliferum
1515 1867 1756 1910 Octavium,
1773 1867 1811 1905 Sc

509 1921 559 1959 ab
594 1919 664 1959 isto
677 1928 935 1968 procreatum
953 1920 1067 1959 fuiffe
1091 1920 1193 1958 dicit
1223 1919 1389 1959 Petrum
1416 1919 1641 1958 Antonium
1671 1945 1682 1957 .
1713 1918 1812 1956 Haec

509 1971 649 2011 omnia
667 1979 806 2018 patere
837 1983 882 2009 ex
898 1973 1038 2009 arbore
1055 1972 1316 2021 genealogica
1334 1997 1347 2016 ‚
1379 1981 1501 2021 atque
1529 1983 1574 2009 ex
1589 1970 1813 2010 documen-

493 2024 563 2064 'tis
582 2022 621 2062 in
641 2022 871 2061 Summario
891 2023 1031 2061 relatis
1050 2051 1060 2061 .
1092 2020 1359 2065 Controverti
1379 2022 1545 2071 proinde
1573 2034 1651 2060 non
1673 2021 1807 2070 posse.)

511 2084 601 2116 tum
619 2074 948 2114 descendentiam
966 2099 978 2118 ‚
1005 2084 1093 2113 tum
1119 2071 1249 2119 'rnajus
1279 2077 1455 2120 ejusdem
1490 2075 1599 2113 Petri
1631 2073 1807 2112 Antonii

515 2125 723 2172 interesse,
738 2138 831 2165 cum
849 2138 893 2165 ex
908 2127 1013 2165 dista
1033 2127 1201 2166 Familia
1221 2127 1388 2166 Morelli
1407 2126 1621 2167 descendat
1644 2138 1711 2174 per
1728 2138 1813 2165 me-

511 2179 626 2218 dium
644 2178 758 2217 unius
775 2177 952 2217 foeminae
969 2188 1120 2227 agnam·
1134 2192 1149 2219 ‚·
1175 2189 1315 2218 contra
1336 2182 1433 2218 vero
1461 2179 1607 2217 fratres
1623 2180 1671 2217 de
1686 2176 1811 2217 Pava—

514 2232 648 2271 rancia
682 2231 792 2269 suam
822 2232 1149 2270 descendentiam
1178 2245 1254 2269 non
1286 2232 1495 2271 desumant
1536 2231 1603 2268 nisi
1643 2242 1688 2270 ex
1716 2230 1812 2268 aliis

514 2282 697 2322 foeminis
716 2307 730 2327 ‚
755 2294 840 2334 quae
858 2284 907 2322 de
925 2285 1142 2332 agnatione
1166 2285 1335 2323 minime
1355 2285 1516 2323 tuerunt
1538 2296 1551 2322 ,-
1581 2284 1618 2322 Sc
1639 2282 1701 2320 illi
1721 2282 1808 2321 de„

515 2335 741 2384 Qarterio
769 2348 843 2374 nec
857 2335 1184 2374 descendentiam
1201 2338 1367 2384 probent
1386 2362 1398 2380 ‚
1432 2347 1505 2374 nec
1523 2346 1695 2383 unquam
1711 2347 1813 2383 prae-

512 2387 767 2431 sentaverint
791 2411 806 2432 ‚
835 2396 904 2434 aut
931 2388 1253 2427 nominationem
1283 2387 1508 2438 aisequutos
1532 2385 1646 2426 fuiise
1679 2387 1810 2425 osten-

513 2440 643 2483 daut.

464 2491 666 2532 Praeterea
684 2491 814 2542 quoad
835 2492 1070 2531 Anselmum
1087 2518 1100 2535 ,
1117 2493 1296 2535 aliosque
1312 2491 1361 2530 de
1375 2492 1566 2530 Carretto
1594 2490 1779 2528 observat
1795 2512 1812 2533 ,

514 2555 582 2582 eos
615 2544 806 2595 paffivajn
824 2547 984 2583 tantum
1002 2552 1257 2584 vocationem
1283 2546 1460 2592 allegare
1491 2541 1593 2590 posse
1622 2541 1659 2579 in
1680 2551 1814 2579 remo-

517 2593 670 2633 tiffimo
687 2597 775 2641 casu
793 2622 805 2641 ,
833 2609 914 2646 quo
928 2609 1047 2636 nemo
1064 2607 1111 2634 ex
1128 2597 1464 2638 descendentibus
1496 2605 1517 2630 a
1533 2592 1687 2632 familia
1720 2592 1814 2629 Mo-

515 2646 608 2683 relli
633 2646 912 2686 Ecclefiasticae
931 2649 1089 2687 militiae
1104 2649 1298 2692 adscribi,
1330 2656 1399 2686 aut
1417 2644 1697 2696 Capellaniam
1721 2643 1811 2681 vel-

515 2698 575 2736 let
593 2699 802 2747 accipere,
831 2701 1175 2750 quemadmodum
1208 2715 1254 2743 ex
1279 2701 1540 2741 Testamento
1571 2694 1808 2786 Fundatogzs
