1924 2955
528 129 563 163 7.
584 114 748 166 Augastt'
781 128 892 164 1773.
1080 162 1084 164 ‚
1318 133 1390 164 123

58 169 112 209 tis
138 168 329 209 Ecclesris
350 167 559 212 Mox-eux,
590 170 627 208 ἃς
662 170 777 207 Saliae
807 167 1093 219 impertitum,
1122 169 1299 221 indeque
1327 187 1392 211 ar-

57 222 149 272 guit
169 246 180 265 ‚
210 222 497 275 quodcumque
518 221 783 272 privilegium
819 223 856 259 in
875 220 1186 261 desuetudinem
1219 224 1355 263 abiilie
1379 253 1392 272 ,

55 274 123 312 vel
144 275 199 312 nil
222 273 420 315 aliudnifi
453 272 991 320 paffivamjurisdic‘tionem
1023 274 1275 321 importare:
1305 277 1394 313 Ab·

59 326 152 374 sque
167 339 218 365 eo
251 324 358 377 quod
390 325 524 363 activa
553 326 979 378 Episcopilurisdic‘tio
1014 325 1154 365 referri
1183 328 1303 375 potiit
1340 328 1390 365 ad

58 378 198 417 anum
231 379 341 418 mere
359 376 650 415 facultativum
665 388 784 422 ‚cum
802 390 846 420 ex
865 377 1155 424 multiplicatis
1187 379 1344 417 ac‘iibus
1368 401 1383 422 ,

56 431 95 469 δε
114 442 161 468 ex
181 428 493 469 immemorabili
511 429 824 474 cousuetudine,
844 429 1034 482 quaelibet
1050 428 1264 469 facultatis
1285 443 1386 481 pra:-

58 482 240 529 sumptio
265 481 478 524 reiiciatur
509 483 594 520 Rot.
613 495 685 529 cor.
705 484 898 533 Seraphin.
931 482 1041 531 dects.
1066 495 1154 520 212.
1185 497 1282 522 num.
1320 497 1354 522 2.
1374 506 1389 526 ‚

63 538 107 579 ἔγ
123 547 159 576 3.

8 587 238 626 Contendit
266 587 315 628 ad
331 586 395 630 V„
413 585 728 635 deputationem
748 587 1065 627 AEconomorum
1095 587 1132 625 in
1155 586 1387 628 vacationi-

61 640 129 677 bus
149 640 415 680 Ecclefiarum
446 640 747 678 parochialium
766 667 777 685 ‚
810 640 860 680 de
887 639 1030 690 quibus
1049 639 1182 688 agitur
1201 665 1214 685 ,
1236 640 1284 677 ad
1323 642 1386 678 so-

60 692 148 729 lum
179 693 418 739 Episcopum
453 693 682 740 pertinere,
713 692 835 741 idque
865 688 1078 730 conforme
1097 689 1175 729 effe
1208 692 1385 729 decreto

60 742 240 782 Concilii
258 744 591 792 Tridentinifesss.
612 755 672 790 ²4·
692 745 777 791 Cap.
801 748 862 783 18.
879 744 929 779 de
945 740 1110 788 Reform.
1131 767 1142 786 2
1174 754 1249 780 nec
1271 754 1382 780 non.-

58 796 243 842 pluribus
264 796 348 834 Sac.
368 797 487 840 hujus
521 794 861 842 congregationis
888 793 1241 833 declarationibus
1276 795 1384 842 apud

56 850 222 887 sisaram.
251 850 294 885 de
318 848 425 895 potest
441 846 626 899 jurildifl.
639 852 776 894 part.6.
799 855 874 895 cap.
900 860 933 884 2.
966 858 1064 884 num.
1091 858 1151 888 50.
1175 869 1188 889 ‚
1224 856 1382 896 atque,

57 901 185 938 etiam
208 899 386 942 rationi,
405 898 495 947 quia
516 899 766 938 Animarum
784 911 879 937 cura
895 898 1142 936 dilationem
1178 910 1254 936 non
1276 896 1383 946 pati-

56 960 124 989 tur
139 975 152 995 ‚
168 951 287 1002 eique
304 950 432 988 citius
450 975 462 994 ‚
480 962 523 989 ac
543 950 691 989 melius
721 951 932 989 consulere
953 950 1081 998 potest
1116 950 1341 996 Episcopus
1358 974 1374 995 ,

57 1003 124 1051 qui
143 1004 307 1050 praesens
327 1003 378 1041 est
400 1002 437 1040 in
458 1001 645 1047 Diaecefi‚
676 1003 715 1042 Sc
732 1003 1006 1051 Praesbyteros
1024 1000 1075 1039 ad
1105 1001 1221 1039 illius
1251 1013 1371 1040 exer-

55 1054 202 1093 citium
234 1055 400 1094 idoneos
419 1054 627 1102 cognoscit
642 1082 652 1093 .
685 1054 776 1093 Hoc
794 1054 925 1094 etiam
945 1055 983 1091 in
1014 1054 1109 1092 loco
1133 1053 1311 1092 recurrit
1327 1053 1379 1092 ad

53 1107 351 1145 observantiam
366 1129 379 1149 ‚
395 1118 735 1158 quamnunquam
755 1119 777 1145 a
802 1105 1090 1146 Cardinalibus
1125 1104 1379 1145 Protet‘tori·

54 1158 128 1195 bus
149 1158 186 1196 in
207 1159 521 1197 controverliam
536 1168 770 1197 revocatam
787 1157 902 1198 fuisse
929 1157 1106 1196 affirmat
1125 1185 1137 1196 .
1170 1157 1290 1197 Nihil
1323 1160 1375 1201 de

51 1210 283 1254 hujusmodi
302 1211 570 1258 deputatione
588 1210 755 1249 decerni
773 1210 905 1250 subdit
927 1210 1114 1248 incitato
1133 1208 1254 1249 Motu
1276 1223 1369 1259 pro-

54 1262 149 1308 prio
176 1288 188 1306 ,
222 1262 288 1301 sed
314 1262 478 1300 etiamsi
508 1262 666 1312 aliquid
706 1263 858 1302 ibidem
886 1263 1134 1300 statueretur
1160 1286 1174 1306 ‚
1217 1265 1374 1311 regerit

57 1312 345 1364 quodcumque
370 1314 637 1362 privilegium
665 1326 736 1361 per
767 1314 1014 1354 contrariam
1065 1314 1373 1354 immemorabi-

53 1364 140 1402 lem
156 1365 489 1403 consuetudinem
504 1363 617 1404 fuiffe
638 1366 838 1405 sublatum
855 1395 865 1405 .
899 1365 1008 1404 Hinc
1036 1366 1165 1403 rursus
1181 1367 1369 1405 animad-

56 1415 302 1454 vertendum
325 1416 513 1463 proponit
532 1417 652 1453 verba
684 1417 755 1455 illa
786 1417 926 1455 Brevis
949 1416 1232 1455 Innocentiani
1249 1444 1259 1454 .
1291 1419 1367 1455 Per

56 1468 253 1504 Vicarium
269 1493 281 1512 ,
299 1468 369 1515 seu
388 1470 555 1506 Vzcarios
570 1470 709 1504 idoneos
726 1468 773 1504 ad
788 1466 951 1518 ejusdem
967 1468 1174 1504 cardinalis
1190 1469 1372 1506 protetio·

54 1521 104 1555 ris
125 1521 434 1569 nutumponendos
448 1545 459 1564 ‚
477 1523 518 1562 (ἐν
533 1521 742 1557 amovendos
759 1533 924 1558 exercere
943 1522 1017 1562 &cu
1033 1533 1060 1553 =
1078 1531 1153 1557 non
1173 1519 1371 1569 indigita-

56 1581 100 1607 re
118 1571 393 1609 omnimodam
410 1570 731 1613 jurisdictionem
752 1599 764 1617 ‚
793 1581 863 1610 aut
878 1571 1126 1610 facultatem
1159 1570 1368 1611 instituen-

53 1621 121 1665 di,
154 1623 191 1660 ὃς
220 1622 460 1661 destituendi
480 1647 491 1666 ,
518 1622 583 1660 sed
615 1623 905 1661 tantummodo
941 1621 1293 1661 amovibilitatem
1322 1626 1372 1662 eit

51 1682 167 1720 parte
187 1675 307 1713 solius
328 1675 413 1712 Emi
431 1672 708 1718 protectoris,
735 1688 820 1726 quae
850 1687 921 1723 per
952 1674 1201 1711 contrariam
1231 1675 1368 1713 obser-

51 1726 231 1764 vantiam
253 1727 289 1765 in
308 1727 620 1765 desuetudinem
637 1726 738 1765 abiit
758 1752 769 1772 ‚
789 1726 892 1766 nihil
910 1723 1179 1765 tamen‘fuiffe
1196 1726 1364 1765 innova-

51 1786 95 1815 tu
120 1792 137 1813 :1
156 1778 286 1827 quoad
307 1779 542 1826 Episcopum
561 1802 573 1822 ‚
595 1778 737 1823 cuijus
755 1778 1042 1822 examinandi,
1072 1778 1109 1817 Sc
1127 1776 1361 1817 instituendi

50 1829 98 1867 ad
118 1829 266 1868 Curam
288 1831 524 1869 Animarum
547 1830 626 1868 fuit
647 1832 928 1878 praeservatum
948 1859 959 1870 .

1 1880 126 1929 Super
147 1881 218 1920 Vl.
240 1882 359 1922 dubio
371 1884 555 1921 observat
571 1908 584 1927 ‚
618 1882 893 1923 idoneitatem
913 1881 1233 1921 AEconomorum
1251 1908 1264 1928 ‚
1291 1882 1362 1934 qui

51 1934 253 1972 exercitio
267 1934 382 1974 Cura:
405 1935 639 1974 Animarum
659 1935 707 1974 ad
741 1945 905 1985 tempus
935 1935 1236 1984 praeficiuntur,
1267 1946 1362 1982 per-

52 1984 228 2032 speftam
254 1984 330 2024 esse
362 1987 509 2025 debere
538 1986 636 2026 Loci
658 1987 908 2033 Ordinatio,
942 1996 1065 2038 atque
1097 1988 1252 2025 idcirco
1273 1987 1369 2025 illo-

51 2048 142 2074 rum
162 2037 514 2078 confirmationem
533 2062 546 2083 ‚
565 2040 601 2078 Sc
629 2039 963 2086 adprobationem
984 2040 1101 2078 unice
1120 2039 1167 2077 ad
1204 2039 1370 2085 Episco-

49 2096 145 2135 p'um
159 2089 363 2136 pertinere
380 2119 390 2130 .
424 2091 533 2129 Hinc
555 2090 602 2129 ad
615 2090 713 2131 VH.
733 2092 963 2137 concludit,
983 2091 1250 2130 removendos
1285 2089 1365 2129 effe

50 2137 296 2180 AEconomm
310 2145 356 2180 ab
376 2143 474 2181 Εῐῖιο
491 2141 727 2184 Ρτοῖεξὶονε
743 2145 782 2183 in
801 2144 961 2183 ultimis
991 2143 1275 2182 vacationibus
1299 2141 1365 2178 in-

49 2189 325 2233 dependenter
355 2196 402 2233 ab
422 2195 616 2243 Episcopo
650 2195 897 2245 deputatos,
931 2195 1140 2244 ipsumque
1171 2201 1367 2231 manute-

51 2242 224 2298 nendum
242 2245 279 2282 in
301 2247 365 2285 sua
384 2245 617 2295 possessione
634 2260 725 2286 cum
743 2248 843 2294 juris
859 2248 1072 2287 affisteutia
1089 2246 1306 2285 coniuncta
1321 2271 1333 2281 .

0 2291 97 2332 Haec
119 2306 156 2331 in
178 2295 315 2334 libello
332 2297 579 2337 Promotoris
599 2298 762 2338 Fiscalis
778 2301 1058 2343 continentur,
1077 2311 1162 2347 quae
1190 2295 1357 2345 quidem

47 2344 292 2385 conferenda
322 2360 439 2389 erunt
471 2363 565 2390 cum
580 2352 734 2397 juribus
750 2363 822 2399 pro
840 2362 953 2401 parte
975 2351 1063 2388 Emi
1096 2348 1349 2386 protectoris

43 2397 186 2435 relatis
204 2397 242 2435 in
263 2397 363 2437 folio
382 2401 465 2450 diei
487 2412 544 2446 13.
566 2404 767 2450 praeteriti
788 2405 930 2443 mensis
949 2401 1090 2440 Martii
1105 2423 1118 2442 ⁹
1149 2400 1256 2449 quod
1285 2411 1359 2448 op-

43 2449 219 2499 portune'
237 2451 380 2489 resumi
398 2455 551 2501 poterit
566 2481 579 2500 ‚
601 2455 636 2494 St
655 2467 749 2494 cum
766 2456 875 2499 aliis,
896 2466 981 2505 quae
1001 2453 1039 2490 in
1060 2451 1172 2489 illius
1194 2452 1359 2499 respon-

40 2500 147 2539 sione
183 2501 260 2541 ΕΕ.
288 2502 379 2542 VV.
400 2506 620 2546 exhibenda
635 2508 932 2547 discutientur.
950 2503 1074 2551 Qod
1104 2503 1199 2541 alibi
1228 2503 1360 2541 adno-

40 2554 245 2608 tatum‘est
263 2579 275 2597 ‚
293 2556 446 2602 praestat
462 2559 537 2596 hoc
555 2559 592 2597 in
608 2560 698 2597 loco
725 2567 914 2604 repetere
931 2580 944 2599 ‚
978 2555 1185 2610 praeaesentis
1216 2554 1354 2594 Causae

42 2605 276 2654 'indaginem
296 2618 372 2646 nou
405 2621 452 2648 ex
485 2609 742 2656 dispositione
770 2609 873 2655 juris
909 2606 1105 2646 Canonici
1130 2604 1208 2645 esse
1225 2607 1345 2646 desu-

36 2657 257 2702 mendam,
274 2658 338 2697 sed
356 2671 402 2700 ex
431 2659 555 2702 Motu
579 2663 746 2714 proprio
773 2662 824 2699 sa.
845 2670 970 2702 mem.
991 2658 1228 2700 Innocentii
1258 2657 1312 2697 X.
1332 2681 1347 2703 ‚

138 2710 363 2753 T0m0XLlI.
720 2711 762 2761 Q
787 2719 812 2762 g
1279 2720 1354 2749 cu-
