1924 2955
627 200 688 230 3ο.
707 188 807 237 Julfi
841 201 951 238 1774.
1369 203 1441 236 133

134 241 311 283 derat‚&
333 241 597 280 interdixerat
617 241 858 280 Oratorium
877 243 916 280 B.
936 241 1070 279 Mai-ire
1087 237 1248 288 Virgini
1267 244 1436 287 sacrum,

140 294 244 332 unde
262 292 410 333 faftum
429 295 496 338 est,
514 303 555 333 ut
572 293 820 333 Linarienscs
842 295 971 333 coaffi
986 291 1137 332 fuerint
1156 293 1438 336 parochialem

142 347 181 385 S.
207 347 375 385 Romani
392 347 528 386 adire.

87 397 388 448 Perperamque
405 399 552 446 opponi
569 410 738 437 onerum
757 399 1082 446 acceptationem
1101 412 1121 438 a
1140 396 1326 440 Parochis
1341 411 1442 447 prae-

136 451 429 495 decessoribus,
459 452 497 490 δε
513 463 533 488 a
549 452 587 489 se
601 451 683 498 ipso
696 450 841 488 saetam
857 478 866 488 .
895 449 1052 489 Omiffo
1069 451 1194 495 enim,
1213 455 1321 501 quod
1340 462 1442 498 1³1·ae-

137 502 361 541 deceffores
384 502 549 542 Parochi
577 503 709 550 saepius
741 503 1081 546 reclamaverint,
1111 502 1165 540 ita
1187 513 1229 542 ut
1262 504 1437 554 ipsorum

138 555 315 604 querelae
348 554 584 602 Episcopum
606 554 811 592 moverint
835 554 884 592 ad
916 553 1236 593 imminuendam
1262 569 1337 604 prae
1353 554 1442 594 fini*-

137 615 223 644 tam
243 605 381 644 favore
399 606 612 644 Seminarii
643 606 934 654 praestationem
952 631 964 649 ,
992 606 1154 645 sustinet
1173 631 1184 650 ‚
1221 607 1438 655 praedeces-

140 659 247 696 sores
265 658 463 696 Parochos
484 660 637 696 nullum
668 658 747 703 juri
772 657 966 700 Ecclefiae‚
982 658 1019 696 ὃς
1040 657 1328 698 Successoribus
1344 672 1438 710 prae-

138 709 338 755 judicium
359 709 506 748 inferre
525 709 692 758 potuiffe
709 706 821 748 card.
838 711 882 745 cle
898 712 999 747 Luca
1010 711 1057 746 de
1069 710 1225 755 Benefic.
1257 714 1346 760 disc.
1366 726 1435 757 90·

138 774 304 809 num.47.
323 786 335 805 ‚
354 761 445 799 Rota
461 776 575 800 coram
591 763 788 810 Crefientio
805 762 1008 808 decis.32x.
1025 774 1192 800 numaz.
1214 791 1225 801 .
1258 763 1319 801 De
1339 764 1436 800 suao

138 814 236 851 vero
255 815 539 859 acceptatione
565 815 765 853 existimat
783 813 998 851 hodiernus
1016 811 1218 851 Parochus
1236 839 1248 858 ,
1272 816 1432 852 nullum

135 876 182 904 cx
202 865 363 909 proprio
380 864 484 903 facto
503 891 515 909 ‚
545 875 613 905 aut
630 866 695 903 fibi
711 891 722 910 ‚
741 874 810 902 aut
832 865 1012 903 Ecclesiae
1032 890 1044 908 ,
1073 871 1286 914 multoque
1301 867 1433 904 minus

135 915 409 955 Eccleliastico
443 918 588 957 Ordini
622 918 812 955 damnum
839 914 1040 955 obvenisse
1070 917 1157 954 Rot.
1188 931 1305 954 coram
1334 920 1443 955 Eme-

135 971 197 1005 rix
210 967 305 1016 Jun.
325 970 531 1011 decimis.
552 982 715 1012 namn.
732 994 745 1014 ,
776 971 819 1011 &¹
836 968 947 1015 decis.
966 981 1057 1015 39²·
1076 982 1172 1007 num.
1196 982 1256 1017 14.
1288 973 1331 1013 ὠ
1356 970 1434 1019 seq.

132 1028 226 1067 part.
241 1032 298 1061 13.
317 1022 462 1060 Recent.

79 1068 148 1108 Ad
181 1070 253 1109 111.
273 1071 438 1110 dubium
459 1098 469 1116 ‚
494 1074 592 1117 juris
625 1072 883 1121 dispositione
912 1071 1108 1116 fulcitur,
1141 1072 1246 1121 quod
1275 1072 1435 1110 scilicet

136 1122 303 1161 decimae
320 1124 544 1163 debeantur
560 1126 740 1165 Parocho
767 1125 877 1162 illius
905 1123 1124 1162 Territorii
1142 1149 1154 1167 ,
1186 1124 1250 1161 ubi
1287 1124 1435 1172 praedia

136 1173 379 1212 decimanda
398 1176 565 1216 existunt
597 1177 858 1227 Cap.Cumfint
871 1199 883 1217 ,
916 1175 1117 1223 CapJntua
1133 1200 1147 1219 ‚
1178 1179 1219 1219 ζου
1233 1178 1319 1224 Cap.
1337 1178 1427 1213 Cam

136 1230 319 1275 contingat
345 1231 390 1264 de
404 1229 544 1267 Derim.
561 1255 573 1273 ‚
604 1230 723 1280 idque
742 1227 960 1276 procedere
989 1228 1068 1265 five
1091 1226 1330 1266 Parochiani
1352 1229 1426 1265 in„

133 1278 312 1317 Ecclelia
330 1278 586 1323 parochiali,
616 1282 695 1319 five
726 1281 763 1318 in
781 1280 859 1317 alia
879 1280 917 1317 in
940 1279 1084 1318 eodem
1103 1279 1334 1318 Territorio
1349 1280 1431 1319 exi-

134 1331 263 1368 stente
282 1330 540 1369 Sacramenta
570 1332 767 1380 recipiant
797 1330 882 1368 Roc.
916 1332 1026 1378 ἅεσιζί.
1043 1336 1110 1379 48.
1141 1345 1286 1370 numa.
1315 1345 1434 1370 coram

133 1383 279 1425 Biclaro,
298 1385 340 1424 ξφ
353 1383 697 1431 άεεξβ169.ηιιη.4.,
711 1380 1006 1431 part.5.Recent.
1022 1411 1033 1420 .
1070 1381 1144 1419 Pro
1156 1390 1277 1421 certo
1296 1393 1437 1422 autem

133 1434 279 1482 ponit,
311 1434 445 1472 locum
475 1444 690 1482 nuncupat.
731 1436 776 1472 S.
801 1432 958 1471 Romano
985 1436 1186 1479 subjacere
1213 1432 1349 1472 Castro
1372 1433 1440 1472 Li-

135 1485 269 1527 narii,
302 1486 466 1535 ejusque
481 1486 786 1529 Gubernatori,
818 1488 854 1525 Sc
875 1486 911 1524 in
932 1487 1045 1525 illius
1065 1485 1298 1524 Territorio
1316 1487 1433 1524 situm

135 1535 242 1580 esse,
272 1547 391 1583 prout
410 1538 632 1576 desumitur
661 1550 705 1577 ex
725 1537 935 1583 Testibus,
968 1538 1114 1587 quibus
1140 1539 1308 1576 coheret
1342 1537 1436 1585 Epi·

133 1589 276 1626 scopus
300 1588 337 1625 in
359 1589 421 1626 sua
440 1589 668 1633 relatione,
710 1590 805 1628 dum
833 1589 891 1627 ait
918 1606 945 1627 ,τ
973 1592 1036 1627 hoc
1062 1587 1119 1637 ius
1141 1589 1346 1626 decimandi
1365 1593 1424 1626 in-

136 1650 195 1677 tra
201 1641 298 1686 fines
316 1642 418 1677 diere
434 1642 617 1680 Parachiae
635 1645 678 1680 S.
698 1644 850 1679 Romam*
866 1642 1088 1686 reservatum
1100 1641 1175 1685 fuit
1189 1642 1349 1679 parocho
1364 1643 1432 1679 Li-
1446 1653 1449 1665 ¹

135 1696 236 1729 narii
264 1721 274 1730 .
305 1691 440 1740 Quare
468 1694 631 1732 abusum
656 1694 789 1736 dicit,
819 1695 924 1744 quod
958 1692 1159 1730 parochus
1190 1691 1230 1730 S.
1262 1692 1434 1731 Romani

136 1756 157 1781 a
174 1744 375 1781 nonnullis
392 1744 470 1783 suis
489 1744 747 1784 parochianis
772 1754 926 1784 certam
945 1744 1138 1783 frumenti
1156 1744 1433 1794 quantitatem

133 1795 332 1844 percipiat
349 1820 362 1839 ,
390 1808 485 1835 cum
501 1797 718 1844 praesertim
735 1797 935 1836 Parochus
952 1796 1105 1834 Linarii
1136 1796 1184 1833 ab
1207 1796 1436 1845 antiquiffie

135 1858 204 1885 mo
232 1856 417 1894 tempore
443 1848 623 1887 decimas
649 1850 858 1897 percipere
889 1850 1045 1894 semper
1070 1872 1084 1891 ,
1126 1847 1165 1887 Sc
1199 1846 1434 1887 indistinetae

136 1899 339 1937 consuerit
368 1911 414 1937 ex
442 1899 633 1938 univerfis
667 1901 827 1948 praediis
860 1900 898 1938 in
916 1900 1091 1937 distrie'tu
1122 1899 1195 1936 suae
1227 1898 1433 1938 parochi-

136 1950 392 1988 existentibus
407 1975 420 1992 ,
450 1960 572 1999 atque
588 1951 714 1990 etiam
732 1951 842 1991 exiis
859 1950 1020 1998 praediis
1037 1974 1051 1993 ,
1082 1962 1166 1999 quae
1185 1950 1323 1988 Custos
1337 1950 1440 1989 San-

140 2001 195 2039 &i
212 2000 379 2039 Romani
396 2003 575 2050 appellat
588 2007 708 2051 prima
722 2005 903 2041 ereft'iom's
920 2032 929 2040 .
956 2001 1199 2043 Concludit,
1217 2002 1324 2051 quod
1339 2003 1437 2043 dum

138 2053 189 2091 cle
206 2053 376 2091 decimis
393 2053 527 2102 agitur
541 2078 555 2096 ,
586 2054 859 2094 inhaerendum
877 2056 930 2095 est
957 2053 1222 2092 observantiae
1237 2078 1251 2097 ,
1278 2053 1318 2093 Sc
1335 2066 1436 2092 con·

136 2104 340 2143 suetudini
372 2106 486 2153 super
505 2106 664 2143 illarum
680 2106 887 2144 exaCtione
915 2105 1031 2154 G‘loff.
1051 2108 1088 2142 in
1103 2107 1189 2152 Cas.
1209 2107 1324 2153 Super
1338 2119 1377 2141 eo
1396 2108 1435 2143 in

125 2156 198 2203 fin.
214 2159 257 2193 de
276 2157 424 2205 censibus
442 2179 455 2199 ,
474 2159 556 2196 Rot.
571 2158 650 2195 dec.
662 2171 672 2194 ι
684 2162 771 2203 766.
791 2171 929 2204 namq.
961 2169 1076 2194 coram
1093 2158 1232 2193 Coccin.
1249 2167 1260 2191 :
1301 2155 1436 2194 Maxi-

133 2209 200 2247 m'e
233 2208 296 2247 ubi
311 2209 565 2255 consuetudo
583 2210 746 2254 probata
768 2207 890 2248 fuerit
915 2206 1220 2258 particulariter
1248 2230 1261 2249 ,
1291 2206 1330 2244 sc
1358 2207 1431 2244 im,

134 2260 299 2308 praeciso
328 2259 416 2298 casu
448 2286 463 2305 ,
493 2260 832 2310 quemadmodum
863 2261 901 2298 in
932 2258 1116 2309 proesenti
1145 2256 1357 2306 quaestione
1386 2259 1434 2295 ab

134 2313 211 2402 ἓεισ
229 2312 345 2350 Sacra
360 2311 684 2362 Congregatione
709 2325 812 2352 anno
844 2324 957 2360 174²·
985 2309 1064 2348 fuit
1092 2307 1328 2347 adamuffim
1359 2309 1433 2349 de-

168 2371 299 2402 ultum
319 2393 329 2401 .

84 2414 241 2454 Contra
259 2416 356 2466 vero
373 2415 587 2454 Promotor
620 2414 781 2455 Fiscalis
808 2416 940 2454 Curi-e
969 2411 1215 2460 Episcopalis
1247 2410 1434 2451 animad-

137 2467 263 2506 vertit
281 2492 295 2511 ,
323 2466 604 2506 Cathedratici
638 2468 883 2507 solutionem
929 2463 1221 2503 consuetudine
1257 2462 1432 2517 primum

134 2517 346 2557 invaluiffe
365 2518 538 2566 Tlromaffi
557 2521 600 2557 de
619 2521 740 2567 Benef.
757 2529 834 2568 cap.
851 2529 916 2561 35.
934 2513 1202 2571 ηαλμ-Βίης).
1218 2539 1232 2558 ,
1262 2514 1434 2571 deinde-

134 2584 211 2620 que
231 2583 299 2618 per
318 2571 482 2608 modum
513 2570 632 2620 Legis
665 2571 901 2610 universalis
935 2568 1209 2616 praescrlptam
1242 2565 1354 2605 fuisse
1385 2569 1432 2606 ab

132 2622 322 2662 Honorio
343 2622 416 2660 111.
439 2621 477 2659 in
505 2624 592 2671 Cap.
626 2624 867 2672 conquerente
896 2621 940 2657 de
972 2619 1073 2665 Offic.
1104 2619 1265 2662 Ordin„
1295 2628 1341 2657 ac
1365 2619 1436 2658 de-
1475 2653 1478 2656 ,

134 2686 246 2714 mum
265 2673 485 2714 firmiffime'
502 2677 709 2723 probatam
735 2685 757 2712 a
783 2674 833 2714 sa.
849 2683 973 2712 mem.
999 2670 1219 2710 bened-isto
1238 2669 1427 2759 xukoiin
